2424 3938
477 200 728 254 PRAEFATIO.
1009 223 1095 270 XLffl

105 343 233 406 bulavit
256 365 328 408 cum
352 343 543 408 dominabus
571 365 628 426 per
655 343 769 408 urbes“
797 381 839 390 -
868 343 898 408 V
922 344 962 408 51
987 366 1099 410 narra-

103 435 177 494 tum
192 435 241 495 est
250 431 528 516 Agamemnonem
541 432 642 496 ffliam
656 455 748 496 suam
762 433 973 516 arcessivisse,
988 433 1102 497 eodem

103 541 203 584 versu
228 520 365 604 legimus
394 521 489 584 ambo
521 541 613 605 reges
636 519 763 585 Ulixem
788 521 828 584 ad
852 518 1099 603 Clytemestram

104 608 234 672 misisse
258 609 298 672 ad
322 630 394 672 eam
418 610 649 673 arcessendam.

196 695 343 760 Exeunte
372 718 452 760 saec.
481 695 561 760 XIII
589 697 710 762 Guido
733 699 773 762 de
796 695 973 762 Columna
1004 698 1100 762 iudex

103 783 324 848 Messanensis
335 785 587 869 quiperlongius
595 786 749 868 temporis
760 785 1101 870 spatiaminAnglia1)

105 872 252 956 degerat,
283 872 395 958 lingua
418 873 520 936 latina
541 873 711 937 historiam
734 873 961 938 destructionis
984 873 1103 938 Troiae

104 960 260 1024 mandato
283 959 440 1024 Matthaei
463 961 502 1024 de
524 960 623 1025 Porta
651 961 880 1044 archicpiscopi
904 960 1101 1038 Salernitani

103 1052 144 1112 ut
171 1049 240 1132 ipse
268 1049 303 1111 in
330 1049 456 1134 epilogo
481 1049 559 1114 dicit
581 1051 734 1132 scriptam
758 1049 798 1113 ad
820 1049 923 1113 finem.
941 1050 1101 1133 perduxit.

105 1135 242 1202 (lodices
253 1139 364 1200 extant
376 1138 411 1200 in
425 1137 502 1201 bibl.
516 1137 604 1220 publ.
617 1137 719 1203 Paris.
728 1160 795 1203 uon
809 1139 916 1202 minus
932 1159 1029 1222 quam
1045 1139 1095 1220 18,

105 1247 246 1308 quorum
269 1224 332 1288 duo
357 1247 438 1290 saec.
461 1224 539 1289 XIV
568 1230 652 1307 sunt,
674 1227 788 1310 reliqui
811 1224 886 1308 XV,
918 1226 1101 1309 complures

103 1314 142 1376 in
170 1313 279 1394 Italia,
310 1311 480 1397 Vossius2)
518 1315 658 1397 appellat
695 1314 762 1378 cod.
795 1336 901 1396 suum,
933 1318 1099 1396 praeterea

104 1401 175 1465 cod.
200 1399 427 1486 Cantabrigiae
454 1401 488 1465 in
515 1402 592 1466 bibl.
615 1401 729 1466 domus
753 1400 784 1465 S.
806 1399 903 1484 Petri,
926 1401 1042 1466 Oxouii
1064 1402 1099 1465 in

103 1489 184 1554 bibl.
209 1487 343 1574 Collegii
365 1487 580 1554 Balliolensis.
603 1489 708 1554 Guido
730 1494 768 1554 ut
789 1513 848 1573 pro
871 1490 927 1554 illo
949 1493 1096 1573 tempore

104 1578 187 1642 satis
216 1578 358 1642 eruditus
387 1581 468 1662 erat,
499 1599 567 1642 non
595 1579 699 1642 solum
728 1581 850 1662 peritus
878 1578 1099 1643 Romanorum

102 1669 285 1750 poetarum,
308 1687 444 1750 quorum
468 1665 617 1730 Ovidium
640 1671 673 1730 et
686 1666 864 1752 Vergilium
890 1667 1016 1750 saepius
1031 1667 1097 1730 lau·

104 1755 172 1837 dat,
195 1754 251 1818 scd
274 1755 371 1818 etiam
386 1755 522 1818 aliorum
538 1755 729 1838 scriptorum
743 1755 923 1820 Ptolomaei
936 1755 1102 1840 Aegyptii,

102 1841 257 1926 Dionysii
280 1841 505 1928 Areopagitae,
532 1842 715 1926 Iustiniani,
737 1843 867 1925 Isidori,
895 1843 1002 1907 Bedae
1020 1844 1095 1906 alio-

104 1952 193 2014 rum,
228 1951 267 1994 ex
296 1931 410 2014 quibus
442 1931 554 2014 quavis
585 1931 753 1995 occasione
783 1934 910 2014 arrepta
939 1931 1100 1994 litterulas

103 2040 183 2082 suas
206 2019 314 2102 iactat,
337 2019 505 2101 praecipite
529 2019 569 2082 ad
583 2019 753 2082 historiam
767 2019 996 2103 geographiam
1012 2023 1098 2082 artes

102 2107 271 2170 naturales
294 2107 499 2190 pertinentes.
544 2105 590 2170 Ut
603 2107 672 2190 ipse
685 2107 722 2171 in
743 2107 943 2189 praefatione
966 2107 1099 2189 exponit

102 2194 260 2259 Daretem
283 2199 316 2258 et
338 2193 457 2277 Dictyn
481 2195 624 2280 sequitur
647 2195 765 2278 quippe
788 2206 924 2279 quorum
951 2193 1030 2258 fides
1055 2196 1099 2258 sit
1140 2219 1144 2224 ·

102 2284 261 2347 maxima:
306 2305 520 2367 „quamquam
543 2283 603 2347 hos
625 2283 752 2348 libellos
776 2283 906 2367 quidam
929 2283 1096 2347 Romanus

104 2369 275 2436 Cornelius
304 2371 435 2435 nomine
466 2369 598 2436 Salustii
627 2373 739 2456 magni
767 2393 868 2455 nepos
897 2372 932 2435 in
962 2372 1098 2435 latinam

102 2459 281 2524 transferre
312 2460 483 2542 curaverit,
514 2463 624 2523 tamen
659 2460 734 2524 dum
767 2460 931 2526 laboraret
962 2460 1097 2524 nimium

102 2547 213 2611 brevis
242 2569 323 2629 esse,
354 2548 561 2631 particularia
586 2548 740 2612 historiae
763 2549 865 2632 ipsius
889 2571 970 2634 quae
992 2550 1098 2633 magis

102 2641 247 2721 possunt
274 2636 400 2700 allicere
423 2637 548 2700 animos
576 2637 758 2700 auditorum
794 2659 871 2720 prae
898 2638 1000 2701 nimia
1026 2638 1097 2701 bre-

102 2726 207 2790 vitate
230 2724 413 2788 indecenter
441 2725 577 2789 omisit.“
620 2725 788 2807 „Asseruit
815 2726 901 2788 enim
927 2725 962 2788 in
990 2725 1097 2790 codice

104 2814 159 2878 sui
187 2814 293 2896 operis
322 2834 438 2898 graeca
459 2813 572 2897 lingua
594 2812 773 2895 composito
798 2833 909 2876 omnes
932 2812 1005 2876 illos
1029 2813 1096 2878 suis

103 2901 208 2968 oculis
231 2900 429 2984 inspexisse“
451 2897 513 2986 (De
537 2901 641 2986 grecis
664 2899 892 2965 inchoantibus
915 2899 997 2964 inire
1020 2922 1095 2965 con·

103 2991 181 3056 silla
208 2987 280 3075 etc.)
325 2989 376 3054 Ex
402 2990 453 3053 his
480 2990 585 3054 verbis
613 2987 741 3053 Daretis
770 2992 802 3051 et
828 2987 963 3070 Dictyos
994 2989 1094 3052 libros

101 3078 254 3164 cognitos
282 3077 408 3142 habuit:
454 3077 510 3141 sed
538 3079 635 3141 etiam
663 3078 761 3142 alium
788 3077 906 3140 librum
929 3076 1095 3160 cognitum
1202 3127 1203 3162 ᾗ

100 3166 234 3248 habuit,
271 3167 306 3230 iu
338 3188 401 3250 quo
433 3166 494 3231 hoc
528 3164 669 3231 Cornelii
704 3166 818 3230 vitium
850 3163 987 3228 vitatum
1019 3168 1096 3248 crat,

101 3253 514 3339 scilicetFrancogallicum
523 3253 742 3336 Benedictum,
763 3253 817 3338 qui
824 3253 983 3336 copiosius
998 3270 1096 3338 quam

102 3343 274 3411 Cornelius
298 3343 418 3408 bellum
431 3342 607 3407 Troianum
621 3342 790 3426 descripsit
802 3363 906 3426 neque
921 3342 1095 3427 quidquam
1201 3405 1202 3434 ,

183 3535 203 3606 ¹)
223 3535 285 3592 Ger.
297 3487 326 3590 I.
346 3534 461 3590 Vossius
480 3535 532 3589 1.1.
550 3553 578 3604 p.
597 3539 657 3588 491.
733 3533 753 3601 ²)
772 3533 886 3588 ibidem.
