2460 3940
172 169 193 232 6
429 181 477 227 ns
499 181 562 228 nm
583 178 717 228 uerter
739 178 814 226 cnr.
831 179 877 226 rv.

137 333 154 380 4
173 339 350 401 quamquam
371 337 431 380 non
452 319 547 380 solum
567 319 631 389 bic,
654 319 752 379 sedet
771 317 820 378 alii
835 324 905 379 suut
923 325 1085 396 praeterea
1102 321 1156 381 dei

173 405 332 484 conplures
353 406 507 465 bominum
528 406 616 465 vitam
639 421 695 482 pro
714 422 766 464 sua
790 404 914 482 quisque
935 404 1080 480 portione
1097 405 1154 465 ad·

173 489 386 560 miniculantes,
404 508 479 568 quos
490 488 637 550 volentem
649 505 830 566 cognoscere
845 489 1154 566 indigitamentorum

174 575 241 636 libri
262 577 332 636 satis
348 573 523 636 edocebunt.
560 573 613 636 sed
628 590 731 633 omues
746 574 778 633 bi
793 572 886 634 semel
900 575 931 632 in
946 591 1007 634 uno
1023 591 1153 652 quoque

172 661 291 721 bomine
312 661 467 720 numinum
488 676 611 719 suorum
639 658 775 718 ellectum
796 665 1040 735 repraesentant,
1070 677 1152 738 quo·
1169 672 1183 718 5

172 747 250 805 circa
273 762 332 805 non
354 761 409 824 per
430 761 518 804 omne
539 744 615 803 vitae
630 743 757 820 spatium
780 744 862 802 novis
876 741 1076 820 religionibus
1100 762 1152 804 ar·

139 836 347 891 ccessuntur:
378 829 483 906 genius
504 835 602 889 autem
630 829 670 888 ita
692 826 779 887 nobis
799 826 940 888 adsiduus
968 825 1151 888 observator

173 915 324 991 adpositus
339 921 399 982 est,
421 923 455 973 ut
470 930 508 973 nc
523 918 633 992 puncto
649 911 767 989 quidem
783 913 927 989 temporis
941 909 1060 988 longius
1078 912 1150 972 abs·

174 997 271 1067 cedat,
296 997 348 1058 sed
371 995 408 1056 ab
430 1003 515 1057 utero
537 997 638 1058 matris
661 1003 798 1075 acceptos
819 995 856 1056 ad
878 1003 1045 1056 extremum
1069 997 1150 1057 vitae

173 1083 250 1142 diem
272 1083 438 1141 comitetur.
476 1080 528 1141 sed
552 1099 619 1141 curn
643 1079 750 1158 singuli
769 1080 906 1141 homines
926 1098 996 1140 suos
1011 1087 1149 1141 tantum·
1168 1092 1193 1138 10

175 1166 263 1227 modo
285 1166 423 1245 proprios
444 1163 542 1226 colant
564 1165 691 1235 natales,
722 1181 777 1242 ego
797 1171 897 1225 tamen
924 1163 1035 1242 duplici
1056 1175 1149 1243 quot·

139 1266 154 1314 6
173 1253 257 1312 anuis
278 1251 375 1311 ollicio
395 1250 519 1310 huiusce
540 1249 693 1328 religionis
716 1249 898 1327 adstringor:
923 1267 991 1310 nam
1012 1267 1085 1310 cum
1111 1269 1148 1310 ex
1187 1253 1197 1268 “

172 1346 202 1398 te
216 1345 324 1416 tuaque
339 1335 466 1396 amicitia
481 1333 629 1395 honorem
644 1334 814 1412 dignitatem
831 1333 923 1394 decus
943 1333 1040 1410 adque
1056 1351 1150 1411 prac-

173 1422 297 1490 sidium,
315 1427 421 1482 cuncta
437 1419 563 1498 denique
578 1418 653 1478 vitae
669 1420 799 1494 praemia
815 1420 971 1496 recipiam,
994 1419 1081 1479 nolas
1100 1437 1150 1480 ar·

173 1505 283 1574 bitror,
311 1506 337 1565 si
358 1505 434 1564 diem
457 1513 556 1572 tuum,
586 1504 637 1581 qui
653 1509 681 1563 te
696 1503 769 1562 mibi
789 1504 819 1562 in
834 1502 912 1563 banc
926 1502 1023 1562 lucem
1041 1503 1148 1572 edidit,
1168 1514 1192 1560 15

173 1607 239 1648 meo
255 1587 305 1648 illo
322 1589 444 1667 proprio
461 1586 661 1663 neclegentius
677 1586 882 1648 celebrarero:
905 1585 953 1648 ille
974 1587 1054 1647 euim
1070 1588 1150 1648 mibi

173 1673 277 1740 vitam,
295 1671 343 1731 bie
358 1673 433 1732 vitae
448 1671 577 1731 lructum
594 1672 689 1750 adque
705 1679 912 1732 ornamentum
927 1680 1125 1751 pepererunt.

139 1768 157 1824 4
239 1757 385 1828 Quoniam
401 1763 481 1816 aetas
500 1773 516 1814 a
532 1756 579 1816 die
594 1755 684 1816 natali
699 1757 813 1816 initium
828 1757 917 1816 sumit
931 1764 1059 1835 suntque
1074 1765 1149 1818 ante

172 1841 252 1902 bunc
276 1841 354 1902 diem
377 1839 468 1901 multa
488 1858 564 1918 quae
584 1841 620 1900 ad
641 1840 794 1900 bominum
814 1842 965 1918 pertinent
984 1841 1147 1918 originem,

172 1945 233 1987 non
249 1925 509 2002 alienumyidetur
530 1925 566 1986 de
587 1925 623 1986 iis
638 1926 720 2003 prius
735 1925 836 1986 dicere
855 1943 931 2004 quae
951 1932 1021 1986 sunt
1035 1932 1147 1986 natura
1165 1935 1193 1982 an

172 2013 282 2090 priora.
320 2013 411 2089 igitur
432 2028 508 2090 quae
522 2009 670 2070 veteribus
694 2010 731 2070 de
747 2010 862 2087 origine
881 2008 1010 2070 bumana
1030 2010 1149 2071 luerint

173 2099 342 2174 opiniones,
361 2115 395 2156 ex
412 2095 458 2154 bis
474 2093 617 2172 quaedam
633 2093 762 2154 breviter
778 2111 933 2172 exponam.

139 2196 154 2244 2
237 2181 336 2240 Prima
359 2188 389 2239 et
406 2179 552 2256 generalis
567 2178 699 2257 quaestio
721 2180 799 2238 inter
821 2179 958 2256 antiquos
978 2178 1147 2255 sapientiae

151 2296 155 2308 ·
173 2264 320 2326 studiosos
335 2271 448 2324 versata
466 2271 525 2334 est,
550 2263 644 2341 quod,
668 2280 736 2323 cum
752 2270 867 2324 constet
880 2263 1018 2324 homines
1040 2265 1146 2342 singu·

172 2347 218 2408 los
241 2366 275 2408 ex
297 2353 453 2426 parentum
470 2346 633 2408 seminibus
647 2354 821 2427 procreatos
843 2349 1033 2409 successione
1049 2347 1146 2425 prolis
1164 2358 1191 2404 25

173 2430 263 2492 multa
285 2431 403 2494 saecula
419 2449 602 2510 propagare,
627 2431 676 2492 alii
691 2449 810 2510 semper
825 2431 961 2493 homines
976 2433 1069 2494 luisse
1088 2451 1146 2493 nec

172 2535 313 2595 umquam
338 2517 395 2576 nisi
421 2535 457 2578 ex
483 2515 653 2578 bominibus
678 2525 763 2578 natos
790 2517 886 2596 adque
912 2535 1016 2580 eorum
1038 2520 1147 2594 generi

173 2611 260 2680 caput
285 2601 498 2679 exordiumque
524 2599 636 2662 nullum
664 2602 794 2664 extitisse
819 2601 954 2662 arbitrati
980 2608 1064 2672 sunt,
1096 2601 1146 2662 alii

171 2705 242 2747 vero
258 2686 348 2747 luisse
363 2693 480 2764 tempus
496 2704 564 2747 cum
580 2687 715 2746 homines
729 2703 790 2746 uon
805 2695 918 2758 essent,
937 2686 1027 2746 ethis
1042 2695 1145 2748 ortum

139 2769 303 2850 3aliquem
325 2772 564 2851 principiumque
590 2777 696 2830 natura
716 2769 869 2832 tributum.
905 2770 958 2833 sed
984 2772 1068 2848 prior
1094 2770 1145 2832 illa
1162 2779 1190 2828 30

239 2993 264 3044 4.
283 2991 398 3042 librisd
450 2991 700 3042 sactsseboceauur
719 2991 743 3039 D
795 2990 837 3040 hu
855 2991 879 3039 D
947 2992 972 3041 5.
991 3005 1044 3054 quo
1063 3005 1146 3042 cicae

171 3059 197 3108 D
266 3060 290 3109 6.
311 3073 389 3108 nouis
407 3058 434 3107 Ii
503 3058 703 3121 encaeniarum
720 3059 753 3120 D,
773 3073 818 3108 mu
835 3059 862 3108 io
879 3073 958 3122 marg.
976 3060 1064 3108 adcor.
1085 3061 1104 3108 d

172 3129 196 3179 9.
217 3140 338 3192 aeapros
356 3127 393 3188 D,
419 3125 552 3191 adceptos
570 3129 638 3190 dV,
662 3127 697 3176 od
716 3139 812 3176 cereos
832 3128 860 3174 ct
878 3129 945 3174 extr.
964 3125 1146 3178 cenomannos

173 3197 213 3246 10.
234 3207 350 3244 nannum
370 3191 487 3244 aionon
542 3197 581 3244 11.
601 3209 672 3259 quor
691 3207 770 3244 aunis
789 3193 813 3242 D
866 3195 907 3242 12.
925 3194 1057 3258 mentiosus
1076 3195 1103 3243 D

172 3263 311 3325 astringor
332 3264 357 3313 V
426 3264 466 3314 13.
485 3266 567 3326 atque
589 3263 621 3326 V,
640 3265 699 3312 item
715 3277 751 3312 os.
766 3264 798 3310 17
810 3264 882 3310 et27
950 3263 991 3312 16.
1014 3276 1068 3312 nec
1087 3261 1145 3328 gie·

173 3330 283 3393 gentius
304 3332 331 3380 V
392 3345 610 3382 caecesuaueao
628 3331 653 3380 D
723 3330 764 3380 18.
783 3343 928 3392 suurquce
945 3329 971 3378 D
1039 3331 1082 3380 20.
1101 3329 1144 3380 bis

173 3397 192 3444 d
212 3397 239 3443 io
260 3411 315 3449 rac.
342 3397 378 3458 V,
403 3413 471 3449 corr.
498 3398 615 3448 Halmius
683 3399 725 3448 21.
751 3399 792 3452 22,
816 3396 929 3446 fuerunt
952 3423 984 3432 —
1008 3397 1144 3460 quasdam

173 3461 270 3510 Iabous
339 3464 381 3511 28.
400 3461 488 3528 capuit
505 3465 531 3514 D
