2460 3940
181 188 221 252 10
438 202 486 250 ox
508 201 570 250 orn
592 201 724 250 narum
746 200 821 250 cna.
838 203 885 249 vr.

180 359 246 402 rum
263 347 292 402 et
306 339 392 420 adipe
408 340 560 420 multaque
572 357 661 402 carne
674 359 771 402 mares
786 341 937 402 exhauriri
951 343 1153 419 respondent.

144 445 162 493 4
180 425 252 486 illud
279 443 396 505 quoque
418 425 586 504 ambiguam
607 426 677 487 lacit
702 427 781 486 iuter
801 432 938 486 auctores
963 427 1154 504 opinionem,

180 518 320 572 utrumne
342 529 378 572 ex
400 512 490 590 patris
511 510 716 572 tantummodo
738 511 851 572 semino
872 516 974 588 partus
996 519 1153 581 nascatur,

180 602 212 655 ut
228 595 373 674 Diogenes
395 602 424 656 et
439 595 556 674 Hippon
571 596 714 674 stoicique
730 595 930 672 scripserunt,
952 611 990 656 an
1006 597 1101 656 etiam
1117 615 1155 657 ex

180 681 297 749 matris,
321 678 399 758 quod
420 680 610 757 Anaxagorae
632 686 662 740 et
676 678 846 741 Alcmaeoni
865 696 922 740 nec
943 696 1003 740 non
1024 679 1184 742 Parme-5

179 765 242 825 nidi
258 763 488 843 Empedocliquo
504 770 533 823 et
547 763 677 843 Epicuro
694 764 787 824 visum
803 771 856 824 est.

145 866 160 915 a
243 848 286 910 Dc
306 849 540 910 conformatione
561 854 657 909 autem
674 853 776 926 partus
796 847 888 908 nihilo
910 849 1006 908 minus
1029 847 1154 909 definite

180 952 211 994 se
238 934 313 994 scire
334 932 494 996 Alcmaeon
519 932 673 994 confessus
694 939 752 1003 est,
783 939 865 994 ratus
887 933 1036 994 neminem
1059 952 1152 1012 posse

143 1019 354 1096 fiperspicere
375 1018 444 1097 quid
467 1019 595 1095 primum
616 1023 646 1077 ln
667 1018 778 1078 infante
803 1017 958 1078 formetur.
997 1017 1152 1096 Empedo-

179 1101 253 1170 cles,
271 1119 360 1181 quem
375 1103 404 1161 in
421 1101 478 1161 hoc
493 1101 664 1164 Aristoteles
679 1108 799 1164 secutus
815 1109 873 1171 ost,
896 1109 963 1162 ante
978 1103 1079 1162 omnia
1098 1121 1152 1163 cor
1170 1111 1194 1158 to

180 1185 317 1247 iudicavit
336 1188 521 1255 increscere,
545 1187 625 1266 quod
645 1186 772 1247 hominia
793 1187 882 1246 vitam
902 1188 1029 1247 maxime
1051 1191 1151 1250 couti·

178 1277 262 1340 neat;
292 1269 408 1349 Hippon
429 1289 500 1332 vcro
522 1278 626 1349 caput,
652 1273 683 1330 in
704 1289 763 1351 quo
786 1278 831 1332 est
851 1271 941 1330 animi
961 1271 1151 1349 principale:

177 1355 363 1417 Democritus
385 1354 479 1416 alvum
497 1373 564 1417 curn
580 1356 690 1432 capite,
712 1353 963 1433 quamplurimum
979 1354 1094 1416 habent
1116 1375 1153 1418 ex

177 1441 271 1508 inani:
301 1442 490 1518 Anaxagoras
513 1439 686 1511 cerebrum,
714 1441 792 1500 unde
818 1457 922 1501 omnes
942 1447 1011 1502 sunt
1031 1457 1152 1502 sensus.

178 1525 324 1602 Diogenes
348 1523 547 1602 Apolloniates
578 1543 614 1584 ex
642 1541 747 1584 umore
774 1524 903 1601 primum
934 1541 1054 1586 carnem
1081 1525 1152 1586 lieri
1170 1533 1214 1588 15r

178 1607 366 1678 existimavit,
387 1615 450 1668 tum
467 1627 502 1668 ex
518 1625 609 1670 carno
633 1625 699 1669 ossa
715 1625 881 1686 nervosque
902 1615 931 1670 et
946 1616 1061 1670 ceteras
1076 1627 1150 1687 par·

142 1698 221 1752 ates
244 1693 353 1753 enasci.
399 1699 429 1752 at
448 1693 533 1754 stoici
553 1710 612 1754 una
634 1699 728 1754 totum
756 1692 898 1754 infantem
921 1693 1045 1770 figurari
1064 1693 1152 1755 dixe·

177 1780 261 1846 runt,
292 1783 326 1838 ct
345 1793 404 1836 una
425 1778 555 1838 nascitur
578 1776 734 1856 aliturque.
779 1785 848 1838 sunt
862 1779 915 1857 qui
934 1777 964 1838 id
984 1778 1152 1855 opinentur

177 1863 240 1940 ipsa
256 1860 321 1922 lieri
337 1868 455 1934 natura,
473 1869 506 1923 ut
521 1861 692 1922 Aristoteles
707 1862 804 1940 adque
819 1861 985 1941 Epicurus3
1008 1871 1078 1924 sunt
1097 1866 1152 1942 qui

177 1947 308 2024 potentia
329 1947 451 2025 spiritus
472 1964 574 2008 semen
596 1947 775 2017 comitantia,
804 1953 836 2006 ut
856 1947 940 2007 stoici
961 1946 1057 2008 lerme
1078 1949 1150 2008 uni·
1166 1956 1213 2003 ao

176 2032 270 2092 versi:
294 2038 363 2092 sunt
374 2033 425 2111 qui
440 2031 603 2094 aetherium
620 2030 750 2092 calorem
766 2032 862 2092 inesse
878 2030 1078 2102 arbitrentur,
1097 2034 1151 2112 qui

176 2115 311 2176 membra
326 2116 476 2194 disponat,
492 2119 686 2193 Anaxagoran
701 2117 804 2180 secuti.

141 2209 158 2256 3
240 2201 406 2279 Utcumque
433 2207 532 2262 tamen
553 2202 696 2262 formatus
721 2199 817 2260 inians
838 2199 1088 2278 quemadmodum
1120 2203 1151 2262 in

177 2285 279 2343 matris
294 2292 380 2345 utero
396 2283 505 2353 alatur,
528 2284 751 2364 duplex'opinio
767 2291 819 2346 est.
855 2284 1049 2362 Anaxagorae
1066 2287 1149 2348 euim

177 2369 341 2446 ceterisque
363 2367 556 2446 conpluribus
571 2387 626 2447 per
646 2368 817 2430 umbilicum
839 2368 924 2430 cibus
944 2368 1150 2433 administrari
1166 2375 1192 2424 25

176 2451 300 2513 vitietur.
332 2460 361 2513 at
375 2452 522 2532 Diogenes
544 2462 574 2515 et
588 2453 705 2532 Hippon
727 2455 931 2516 existimarunt
947 2471 1012 2516 esse
1033 2455 1064 2515 in
1081 2455 1148 2516 alvo

176 2537 349 2613 prominens
370 2537 524 2617 quiddam,
548 2538 628 2616 quod
649 2539 746 2599 inians
767 2557 819 2600 ore
840 2537 1044 2619 adprehendat
1065 2548 1095 2601 et
1112 2559 1147 2602 ex

245 2740 267 2791 1.
293 2737 397 2805 aorpem
419 2741 444 2790 D
513 2742 538 2793 4.
560 2738 681 2806 oroqems
706 2741 730 2790 D
798 2741 911 2806 hxppon
935 2741 1068 2806 arhotcrq.
1092 2744 1150 2792 DV

175 2819 361 2858 scaraaouurrr
379 2809 404 2856 D
473 2809 497 2862 5.
515 2809 626 2870 matrim
649 2807 677 2856 V
690 2813 749 2858 onte
767 2824 830 2868 roe„
849 2809 945 2858 matris
962 2825 1032 2860 corr.
1051 2814 1111 2861 lm.

173 2875 198 2924 6.
219 2873 422 2940 erapooooutque
441 2877 495 2926 DV
547 2876 661 2940 epicono
673 2876 698 2925 D
768 2878 792 2927 l.
811 2874 843 2926 oe
858 2888 1086 2930 conrtnmarroue
1100 2876 1149 2943 (cic

172 2957 222 3006 pro
235 2943 465 3007 conformatione)
483 2971 517 2980 -
535 2956 623 2994 munus
636 2944 690 2992 DV
707 2943 801 2994 hubent
818 2951 933 2994 extremo
952 2960 1010 3009 cap.
1025 2949 1041 2995 6
1058 2953 1086 2996 et
1094 2962 1147 3011 pro
1210 2967 1211 2976 ³

172 3009 212 3059 dis
229 3011 277 3062 doc
294 3015 349 3062 loco
365 3017 464 3075 ponunt
482 3025 554 3075 quae
572 3009 710 3062 dissensio
730 3027 765 3062 ece
783 3015 958 3076 oap.17‚'10‚·
976 3028 1046 3064 corr.
1059 3013 1147 3066 LacD·
1210 3025 1211 3046 t

173 3093 277 3128 mannus
299 3084 325 3128 et
347 3079 445 3128 Ioanne
515 3081 556 3132 12.
580 3079 691 3144 hxppox
719 3079 748 3128 V
769 3126 771 3131 ,
813 3083 854 3133 13.
879 3091 1032 3143 pnummurn
1051 3083 1078 3130 D

174 3147 214 3195 14.
239 3147 296 3196 oms
318 3145 346 3195 V
367 3146 439 3209 (notu
456 3149 633 3210 comprendito
651 3164 681 3196 m.
700 3145 729 3210 2)
800 3149 840 3200 1o.
866 3161 1068 3213 aponumtares
1092 3149 1151 3199 DV

173 3212 285 3264 humore
308 3213 333 3262 V
402 3215 442 3266 lt.
461 3213 563 3264 sthoici
585 3215 612 3264 V
679 3215 719 3266 18.
737 3220 769 3265 ut
786 3229 833 3268 om.
856 3216 880 3263 D
951 3217 991 3265 19.
1011 3219 1100 3280 atque
1123 3216 1151 3266 V

174 3295 305 3346 eprcouus
324 3283 349 3330 D
418 3283 458 3336 20.
478 3281 580 3332 sthoici
602 3282 633 3340 V,
651 3284 698 3332 ced
715 3280 734 3331 h
752 3283 802 3333 det.
821 3285 836 3332 1
854 3299 884 3332 m.
954 3296 1068 3333 curnem
1092 3285 1148 3334 DV

172 3349 214 3398 21.
233 3348 394 3398 ueuhemum
415 3346 447 3411 (a
466 3350 484 3399 d
500 3350 526 3398 in
544 3347 615 3413 raa.)
634 3351 672 3408 D,
698 3349 832 3400 etherium
855 3350 883 3399 V
948 3365 1144 3402 anatrnenruu

172 3415 198 3462 D
216 3420 275 3464 onte
292 3430 359 3472 roc,
378 3423 405 3464 ot
421 3418 533 3480 videtur,
553 3417 723 3466 arbitrantur
741 3417 794 3466 dV
859 3419 901 3471 26.
920 3416 1033 3483 hyppon
1051 3419 1081 3468 V

171 3482 213 3530 at.
233 3478 448 3544 uopnaeheuoar
465 3485 490 3532 D
559 3486 588 3532 at
605 3499 652 3536 om.
670 3483 727 3532 DV
