2460 3940
470 227 681 276 PRAEFATIO.
1017 230 1057 277 IX

78 369 147 432 bus
171 363 274 428 multa
289 385 348 429 suo
371 363 508 430 arbitrio
531 364 725 445 variavisse,
749 373 784 429 at
805 374 893 430 certe
916 387 953 430 eo
968 387 1057 451 pau-

83 477 180 542 ciora
203 495 266 560 quo
289 475 487 540 vetustiores
511 483 588 539 sunt
608 474 686 540 libri
706 496 806 539 manu
833 475 959 560 scripti.
1003 476 1057 541 Ita

80 609 159 652 cum
185 587 249 650 hac
274 567 376 650 etiam
402 585 438 648 in
465 607 500 648 re
529 584 709 649 secundum
736 584 967 671 antiquissima
993 607 1057 650 ve·
1102 607 1103 610 ¹

84 696 187 780 stigia
203 693 381 778 Censorini
402 693 523 759 librum
546 692 720 775 ediderim,
749 694 882 759 minime
904 694 1056 780 equidem

85 800 248 872 affirmem
275 807 310 868 in
338 804 491 870 omnibus
514 827 566 869 me
595 804 699 891 ipsius
727 805 896 891 scriptoris
923 827 1057 869 manum

84 922 369 1003 repraesentasse3
398 913 460 980 hoe
481 924 594 980 tamen
615 913 712 980 facile
733 935 923 979 concessum
943 915 984 977 iri
1007 937 1055 979 ar-

84 1027 209 1105 bitror,
246 1022 371 1088 nullam
402 1023 502 1089 aliam
527 1025 689 1090 rationem
721 1025 864 1090 inveniri
896 1024 1054 1110 potuisse,

85 1157 152 1222 qua
173 1134 310 1222 propius
333 1134 511 1200 adrerum
533 1135 752 1200 accederetur.
798 1132 971 1199 Nonnullis
992 1157 1058 1198 au-

63 1235 153 1312 'tem
181 1244 261 1309 loeis
288 1245 362 1330 ipsa
390 1243 512 1312 codicis
542 1244 663 1310 menda
688 1243 809 1309 indicio
831 1244 966 1308 fuerunt
992 1245 1059 1308 alia

86 1356 165 1423 olim
186 1355 310 1439 scripta
323 1353 438 1418 fuisse.
482 1352 583 1420 Velut
604 1378 634 1440 p.
651 1353 704 1435 44,
720 1354 761 1419 27
784 1363 873 1418 recte
895 1355 930 1418 in
946 1354 1057 1419 codice

86 1475 221 1531 exstare
236 1463 368 1529 videtur
382 1483 486 1540 annos,
510 1463 597 1549 quod
613 1485 809 1550 suspensum
825 1464 888 1528 fuit
910 1485 952 1528 ex
974 1483 1058 1528 com-

84 1585 235 1656 putorum
262 1574 315 1638 vel
343 1572 441 1638 simili
470 1573 615 1660 quodam
641 1573 743 1639 verbo
765 1597 852 1640 nunc
879 1575 915 1638 in
935 1574 1057 1639 maiore

85 1686 206 1752 lacuna
229 1683 365 1766 omisso;
389 1683 456 1747 iam
477 1705 552 1747 cum
566 1683 642 1748 huic
665 1686 853 1750 accusativo
874 1685 926 1750 bis
948 1685 982 1747 in
997 1707 1058 1750 co-

88 1797 163 1861 ‹lice
186 1795 373 1880 appositum
396 1792 439 1857 sit
460 1798 668 1875 quadrinaria,
692 1793 837 1860 dubitari
858 1794 918 1859 vix
938 1802 1058 1879 potest,

87 1907 169 1992 quin
190 1913 328 1990 utroque
357 1903 428 1969 loco
452 1919 535 1968 occo
564 1903 728 1970 invenerit
754 1901 909 1969 librarius
937 1925 1058 1991 easque

87 2026 183 2081 notas
205 2013 356 2100 imperite
377 2013 412 2078 in
426 2012 554 2079 litteras
577 2013 831 2098 transcripserit.
866 2012 994 2077 Eadem
1017 2013 1059 2077 de

89 2147 192 2191 causa
215 2147 247 2211 p.
263 2124 313 2204 37,
331 2124 366 2207 7,
389 2123 448 2189 ubi
466 2128 599 2202 primum
621 2124 727 2187 estin
749 2121 875 2203 codice,
900 2121 1058 2187 emenda-

87 2247 142 2302 tae
166 2233 266 2320 vulgo
295 2235 477 2319 scripturae
499 2253 590 2298 anum
616 2232 757 2318 praetuli
779 2242 891 2298 notam
912 2249 940 2314 1,
975 2254 1060 2319 quae

87 2347 153 2411 nisi
190 2343 266 2410 olim
294 2342 403 2408 locum
430 2343 642 2424 obtinuisset,
679 2364 745 2428 qua
772 2341 904 2407 tandem
931 2345 1060 2408 ratione

86 2455 173 2521 illud
200 2454 394 2518 mendosum
421 2460 555 2532 primum
583 2453 662 2516 oriri
688 2453 816 2538 potuit?
853 2451 1060 2539 Quamquam

87 2587 156 2630 non
184 2585 236 2627 me
261 2563 350 2648 fugit
376 2561 516 2648 relinqui
544 2573 582 2627 ut
607 2561 670 2628 hoc
699 2570 877 2644 statuatur,
915 2563 958 2629 ab
985 2563 1059 2649 ipso

89 2674 252 2760 scriptore
277 2673 421 2759 positum
443 2694 515 2738 esse
543 2692 649 2747 unam,
676 2671 774 2758 idque
796 2683 914 2758 postea
938 2674 973 2737 in
995 2695 1059 2738 no-

88 2799 160 2852 tam
181 2791 359 2864 mutatum,
383 2782 523 2869 denique
545 2805 562 2846 e
584 2790 663 2847 nota
679 2788 814 2862 primum
827 2781 955 2846 factum
977 2804 1060 2848 esse.

89 2894 158 2961 Sed
181 2915 222 2957 ne
243 2893 279 2956 in
301 2892 457 2957 minutias
480 2893 644 2973 aberrem,
667 2890 749 2956 nihil
771 2891 834 2956 nisi
855 2891 941 2954 inre
964 2890 1059 2958 dubi·

88 3005 226 3071 tationis
248 3001 348 3089 plena
368 3001 623 3088 probabiliorem
645 2995 805 3066 rationem
828 2998 982 3086 amplecti
1003 3023 1061 3067 vo·

89 3115 154 3197 lui,
194 3134 268 3178 cum
294 3114 401 3199 ipsam
429 3134 543 3178 veram
568 3111 717 3178 invenire
744 3133 808 3175 non
834 3109 957 3175 liceret.
1007 3110 1061 3175 De

90 3223 230 3290 Graecis
242 3221 412 3290 vocabulis
427 3245 527 3288 unum
542 3222 605 3287 hoc
621 3222 714 3299 addc,
731 3220 945 3286 Censorinum
959 3219 1060 3285 multo

89 3333 187 3421 plura
209 3334 327 3398 Latine
349 3355 449 3418 quam
471 3332 597 3398 Graece
619 3333 789 3417 scripsisse
810 3329 932 3412 videri,
956 3330 1062 3415 siqui-

91 3445 165 3510 dem
187 3453 277 3510 recte
292 3442 416 3508 Iahnus
439 3442 574 3508 dimidio
596 3442 666 3507 fere
688 3441 794 3506 rarius
818 3461 914 3526 quam
936 3441 1062 3527 priores
