2414 3946
1197 89 1199 178 l

173 172 215 236 62
459 184 665 234 rnaouuurr
688 183 764 232 cnr.
780 185 853 232 vnn.
1196 183 1199 272 q

174 326 355 406 triangulum
382 323 595 405 aequilaterum
624 327 705 401 quod
731 323 853 403 paribus
878 323 964 386 trinis
988 322 1143 388 lateribus.

141 425 156 473 3
175 410 313 473 isosceles
334 411 413 489 quod
436 410 494 471 duo
514 417 627 470 tantum
647 407 740 469 latera
761 410 842 488 paria
864 408 961 470 habet.
1004 408 1145 471 scalenon

175 496 255 576 quod
284 495 340 557 tria
369 495 462 556 latera
491 491 654 574 inaequalia
680 492 778 554 habet.
822 493 1036 572 orthogonium
1068 495 1147 574 quod

174 581 264 643 habet
285 587 400 642 rectum
423 576 574 656 angulum.
610 575 830 658 amblygonium
845 579 924 656 quod
940 577 1033 640 habet
1054 598 1145 640 unum

175 664 315 746 angulum
337 663 485 725 hebetem.
531 663 709 744 oxygonium
730 663 808 741 quod
830 679 934 724 omnes
953 671 1018 724 tres
1041 673 1172 725 aeutoso

174 749 298 830 angulos
327 746 425 810 habet.
472 747 740 827 quadrilaterarum
769 747 934 808 formarum
964 748 1146 827 quadratum

175 834 319 914 estquod
345 835 445 894 omnia
466 838 605 911 quattuor
626 829 719 892 latera
735 836 831 910 pario
852 830 993 894 habetet
1020 833 1146 910 angulos
1198 847 1199 852 ’

174 928 282 982 rectos.
319 918 524 979 heteromeres
546 916 625 994 quod
646 915 770 995 angulos
792 925 891 978 rectos
910 935 967 978 nee
981 915 1080 978 latera
1096 937 1146 997 pa·

140 1015 157 1064 4
174 1006 217 1065 ria
238 1003 338 1065 babet.
383 999 513 1070 acutula,
541 1001 571 1061 id
592 1009 637 1062 est
656 999 816 1071 rhombos,
847 1001 926 1081 quod
946 1000 1041 1062 latera
1064 1004 1146 1080 paria

174 1088 264 1149 babet
278 1105 333 1148 nee
349 1084 472 1166 angulos
486 1092 594 1146 rectos.
618 1084 714 1145 simile
729 1084 875 1156 scutulae,
892 1086 978 1148 ouius
993 1089 1146 1147 contraria
1162 1096 1199 1166 loq

174 1172 266 1234 latera
290 1179 319 1234 et
341 1172 482 1232 contrarii
503 1168 604 1247 anguli
624 1171 703 1230 inter
718 1188 750 1230 se
765 1187 853 1248 pares
868 1177 950 1239 sunt,
973 1170 1147 1252 aeriaeque
1198 1191 1199 1284 q

174 1256 388 1338 aequilaterum
415 1273 511 1335 neque
536 1256 627 1316 rectis
650 1253 764 1332 angulis
791 1262 843 1315 est.
888 1256 1019 1332 trapezia
1046 1266 1147 1317 cetera
1198 1305 1199 1350 q

174 1345 374 1404 nominantur.
398 1338 558 1418 paralleloe
572 1338 667 1401 lineae
682 1346 752 1401 sunt
766 1358 841 1419 quae
856 1340 886 1400 in
904 1339 1009 1401 eadem
1025 1339 1147 1418 planitie
1198 1367 1199 1394 1

174 1429 288 1508 positae
304 1443 463 1505 numquam
479 1425 558 1485 inter
574 1442 606 1484 se
622 1425 805 1501 contingunt.

508 1626 559 1676 DE
577 1625 812 1679 POSTULATIS.
1163 1627 1184 1672 15

237 1761 386 1825 Postulata
414 1770 634 1840 geometrarum
662 1769 732 1822 sunt
756 1764 895 1840 quinque.
941 1770 976 1824 ut
997 1761 1090 1824 liceat
1109 1763 1144 1824 ab

174 1849 255 1909 omni
274 1849 359 1925 signo
379 1846 417 1908 aul
438 1864 526 1907 omne
547 1852 657 1908 rectam
685 1844 793 1909 lineam
814 1846 939 1917 ducere,
971 1854 1001 1908 et
1024 1866 1146 1909 omnem

174 1934 286 1994 linitam
306 1940 419 1992 rectam
439 1929 546 1992 lineam
567 1949 583 1992 e
604 1931 726 2007 regione
748 1932 860 1999 eicere,
892 1938 922 1992 et
941 1933 1025 1992 omni
1048 1934 1147 1994 medio

174 2027 204 2080 et
224 2015 377 2079 intervallo
399 2013 543 2076 oireulum
565 2014 710 2086 seribere,
742 2026 769 2076 et
785 2033 889 2077 omnes
903 2023 1003 2076 reetos
1019 2017 1147 2095 angulos

173 2103 250 2164 inter
276 2119 416 2180 separes
441 2117 520 2169 esse,
557 2107 586 2160 et
613 2101 639 2160 si
665 2101 695 2160 in
721 2098 813 2160 lineas
834 2107 935 2161 rectos
959 2107 1045 2162 recta
1070 2101 1147 2163 linea
1162 2109 1198 2190 ‘2⁰¹

242 2289 265 2336 1.
286 2301 498 2352 aequanaueeam
515 2285 554 2352 ᾄά
571 2283 627 2350 (um
645 2283 680 2352 qd
697 2285 723 2335 in
740 2301 835 2336 rasura
852 2287 961 2351 quinque
978 2301 1061 2338 eeoeve
1080 2291 1147 2338 litte·

172 2353 328 2472 illibi
341 2357 406 2473 ill
422 2355 620 2472 tithebi?
638 2353 952 2471 mittitote
967 2361 1032 2472 'ili'
1050 2355 1147 2472 3⁶¹³·

174 2438 332 2540 scaoaerlon
350 2459 545 2555 D,'soariqnon
567 2489 594 2538 V
657 2459 684 2540 3
698 2437 853 2554 lortogoniu
875 2436 903 2538 lq'
904 2486 922 2546 ¹,
944 2504 1015 2538 corr.
1042 2507 1074 2540 m.
1093 2507 1148 2544 reo.

172 2560 197 2610 4.
218 2557 425 2623 amphrqoutum
443 2557 481 2619 J),
505 2557 691 2622 ampigonium
718 2557 745 2606 V
808 2571 893 2605 unum
915 2556 1077 2619 Nonacrius,
1102 2559 1147 2607 ide

173 2627 192 2676 d
207 2628 234 2676 io
251 2640 318 2686 roa,
337 2625 410 2676 idem
432 2624 460 2673 V
523 2627 548 2676 b.
567 2623 700 2674 haneuem
718 2625 756 2686 D,
775 2623 923 2674 habentem
941 2625 990 2675 dV
1061 2627 1146 2676 ocbe-

172 2705 281 2760 qontnm
303 2694 361 2743 DV
425 2695 449 2743 6.
479 2690 714 2756 quaeramur-enum
741 2691 806 2751 DV,
835 2707 905 2744 corr.
928 2691 1078 2744 Nunneaios

174 2765 198 2816 7,
221 2762 301 2828 pario
324 2762 384 2811 odd.
404 2760 527 2810 Cauchius
595 2762 620 2812 8.
644 2771 822 2810 enenomeeea
840 2759 897 2808 DV
962 2764 1059 2810 rectos
1084 2764 1145 2812 odd.

173 2830 317 2880 Nonneaioa
386 2830 409 2879 9.
423 2828 603 2878 eumaoaDV
672 2827 910 2878 10.s1muean
976 2829 1017 2878 12.
1041 2844 1145 2893 aequa-

172 2946 253 2982 mren
266 2945 319 2980 aun
332 2911 561 3000 omneqveaeerts
580 2930 605 2979 D
624 2927 652 2993 (v
670 2930 729 2978 add.
749 2928 787 2991 ol),
806 2927 960 2992 aequaliter
979 2933 1030 2978 aut
1049 2945 1146 2980 omne·

173 2999 327 3064 querentis
351 2997 386 3054 V.
410 3014 478 3050 corr.
498 2997 635 3054 aneoroa,·
656 2997 715 3046 mibi
731 3003 813 3048 tomen
835 2995 1071 3060 aequilateratum
1088 3000 1147 3047 olim
1196 2995 1197 3006 ¹

170 3069 250 3131 fabae
267 3068 368 3116 videtur
436 3063 554 3129 napebta
572 3065 605 3126 J),
624 3063 735 3130 repedita
752 3065 930 3128 superscripto
948 3077 965 3111 a
988 3063 1016 3112 V
1032 3067 1049 3112 1
1068 3082 1100 3117 m.

174 3137 213 3187 13.
227 3147 449 3200 perennenreea*
461 3134 499 3192 D,
518 3131 708 3197 parallelynae
721 3131 740 3181 d
745 3168 751 3193 ‚
770 3131 876 3197 parallq
889 3131 944 3196 line
962 3129 987 3178 V
1042 3131 1145 3182 eabea-

172 3201 230 3253 bem
249 3204 281 3265 D,
300 3202 406 3252 eamd
455 3199 577 3266 planioiq
599 3199 627 3248 V
692 3199 731 3250 14.
750 3213 902 3264 conorquur
919 3199 945 3247 D
1016 3201 1061 3252 16.
1079 3215 1145 3266 geo-

171 3268 395 3320 metriamde
462 3271 502 3318 17.
522 3265 672 3318 abomnem
685 3265 742 3316 DV
807 3266 847 3316 18.
860 3266 998 3316 ntutaml)
1053 3268 1146 3318 medio

173 3337 324 3396 Nouaesio,
343 3335 418 3387 mobo
435 3338 497 3400 DV,
516 3333 626 3399 κέντρῳ
644 3334 775 3394 Eucliden,
794 3337 890 3384 cantro
907 3337 1039 3398 interpres
1053 3335 1142 3385 Eucli-

173 3403 213 3450 da'a
230 3404 256 3450 in
270 3404 380 3453 Gromat.
394 3402 498 3457 Luciam.
514 3420 543 3467 p.
558 3406 616 3460 379,
630 3405 661 3452 11
730 3403 770 3452 20.
790 3403 862 3452 inter
874 3399 915 3464 se]
932 3402 1058 3452 minores
1075 3402 1145 3452 duos

172 3467 258 3515 rectia
280 3469 304 3516 V
370 3469 460 3520 lineas
477 3476 571 3520 rectae
589 3471 745 3530 Numerius,
765 3481 873 3520 niueam
893 3469 950 3518 DV.
