2460 3940
355 191 469 243 BELLI
484 123 723 244 TROIANIL'IB.
741 195 774 244 V.
1003 190 1044 256 97

75 363 141 428 quc
172 335 291 426 magno
314 340 564 423 inspectantium
592 342 714 426 gemitu
742 345 937 406 ‘necarentur
957 365 1045 407 mox·

78 449 142 512 que
156 426 229 509 ipsi,
245 425 300 508 qui
316 425 497 508 spectaculo
514 426 751 490 carissimorum
762 441 934 510 corporum
948 427 1046 492 inter·

75 513 222 594 fuerant,
251 508 466 573 miserandum
496 510 532 574 in
559 509 700 575 modum
719 511 897 576 interirent.
940 533 1046 596 neque

78 596 210 704 segnius
239 615 297 678 por
323 597 426 658 totam
452 594 566 659 urbem
593 595 750 660 incendiis
778 599 905 681 gestum
932 597 1046 680 positis

77 683 168 765 prius
197 679 419 744 defensoribus
434 679 487 742 ad
514 680 644 745 domum
666 681 795 744 Aeneae
824 684 919 764 atque
934 684 1073 746 Ante-s

80 765 181 830 noris.
225 764 355 828 interim
382 763 531 829 Priamus
556 787 590 828 re
619 765 749 850 cognita
776 764 816 830 ad
844 787 932 830 aram
960 765 1046 830 Iovis

78 848 343 914 antecedificialis
369 847 533 996 cbnfupst,
567 851 724 934 multique
760 871 799 914 ex
830 871 868 914 eo
901 850 973 916 loco
1007 851 1048 916 ad

77 934 204 1018 reliqua
226 933 363 998 deorum*
382 937 470 1018 temp
484 955 518 998 a:
540 934 576 998 in
599 935 670 1018 quis
686 933 866 1000 Cassandra
887 936 921 1000 in
937 936 1048 1000 aedem

77 1019 255 1083 Minervae.
300 1017 355 1082 sed
381 1022 553 1102 postquam
582 1020 764 1102 universos,
793 1021 849 1102 qui
877 1020 912 1083 in
933 1041 1048 1085 manus

78 1107 253 1188 venerant,
286 1101 380 1166 foede
414 1107 510 1187 atque
543 1102 664 1168 inultos
692 1105 938 1187 obtruncavere,
968 1104 1048 1169 occi-
1062 1127 1086 1166 rc

75 1189 190 1273 piente
212 1188 284 1252 lucc
306 1186 436 1250 domum
469 1188 505 1274 in
527 1210 591 1271 qua
612 1187 735 1253 Helena
757 1192 834 1272 erat,
857 1188 1049 1274 aggrediun-

77 1278 143 1337 tur.
182 1272 229 1336 ibi
243 1270 410 1336 Menelaus
425 1238 642 1356 Ilciphobum,
665 1294 761 1356 quom
783 1276 858 1356 post
872 1272 1050 1337 Alexandri

79 1355 251 1421 interitum
277 1354 421 1421 Helenae
448 1358 690 1421 matrimonium
717 1357 924 1440 intercepisse
952 1379 1050 1440 supra

78 1441 264 1523 docuimus,
292 1441 427 1505 exsectis
452 1441 559 1525 primo
580 1441 711 1507 auribus
739 1440 942 1525 brachiisque
964 1442 1051 1506 abla-

77 1527 124 1591 tis
154 1524 267 1590 deinde
294 1525 426 1590 naribus
460 1525 500 1590 ad
521 1530 725 1610 postremum
752 1529 937 1590 truncatum
960 1527 1049 1593 omni
1064 1553 1088 1592 15

78 1614 234 1694 exparte
260 1609 488 1693 foedatumque
518 1633 642 1678 summo
667 1611 808 1676 cruciatu
821 1615 932 1676 'necat
975 1610 1050 1676 dein

81 1695 250 1760 Priamum
264 1693 498 1779 Neoptolemus
521 1697 589 1760 sine
611 1695 679 1761 ullo
702 1696 815 1760 aetatis
830 1699 927 1779 atque
948 1696 1050 1761 hono-

81 1781 128 1844 ris
157 1779 274 1844 dilectu
299 1779 493 1844 retinentem
516 1784 651 1864 utraque
677 1803 775 1845 manu
804 1801 892 1845 aram
913 1780 1049 1866 iugulat.

77 1867 225 1929 ceterum
253 1862 463 1928 Cassandram
492 1863 577 1930 Oilei
603 1865 683 1930 Aiax
716 1887 733 1928 e
767 1861 856 1930 sacro
885 1864 1050 1928 Minervae

78 1949 244 2032 captivam
266 1944 433 2014 abstrahit.
1063 1963 1090 2015 11

170 2031 259 2097 XIII.
296 2032 368 2098 Hoc
389 2033 485 2098 modo
509 2033 707 2116 consumptis
734 2055 808 2098 cum
830 2033 958 2097 civitate
981 2035 1051 2097 bar·

78 2118 185 2199 baris,
215 2117 403 2182 deliberatio
433 2118 514 2182 inita
541 2138 637 2201 super
664 2117 731 2201 his,
767 2118 823 2200 qui
851 2119 891 2182 ab
919 2117 1051 2182 deorum

81 2202 148 2268 aris
177 2202 333 2266 auxilium
361 2203 447 2267 vitae
474 2203 727 2286 imploraverant
758 2201 982 2286 decretumque
1010 2202 1051 2266 ab

80 2287 244 2370 omnibus,
266 2288 315 2352 uti
336 2309 395 2372 per
415 2287 480 2352 vim
503 2286 606 2351 avulsi
627 2290 835 2352 necarentur:
862 2291 973 2352 tantus
995 2287 1051 2352 do·

80 2373 134 2436 lor
161 2371 299 2436 iniuriae
334 2376 376 2445 eb
395 2373 441 2436 ob
463 2369 496 2435 id
519 2371 659 2436 studium
688 2370 897 2458 extinguendi
919 2370 1091 2438 Troianis

79 2457 226 2522 nominis
248 2457 430 2521 incesserat.
478 2457 535 2520 111
552 2456 776 2540 comprehensi
798 2457 854 2540 qui
876 2457 1053 2521 cruciatum

80 2541 266 2626 praedictae
288 2541 393 2606 noctis
406 2541 674 2626 subterfugerant
701 2545 751 2606 tre
774 2542 903 2607 idantes
926 2563 963 2606 ac
983 2541 1054 2606 vice

79 2647 238 2712 pecorum
260 2626 507 2690 interficiuntur,
545 2627 736 2691 dein-more·
751 2563 830 2691 iani
852 2642 910 2710 por
932 2626 1054 2710 templa

80 2731 121 2775 ac
144 2710 312 2774 semiustas
332 2710 632 2794 domospopulatio
655 2731 762 2776 rerum
777 2711 922 2776 omniurn
944 2715 977 2775 et
996 2731 1054 2794 per

81 2794 153 2858 dies
180 2794 353 2878 pluri1n0s,
380 2815 422 2859 ne
451 2795 522 2878 quis
549 2795 692 2860 hostium
721 2795 883 2879 eraderet,
913 2795 1053 2860 studium
1066 2817 1093 2858 co

13 2955 20 2970 ‚
80 2881 118 2943 in
141 2879 343 2963 requirendo.
380 2880 511 2944 interim
532 2879 572 2944 ad
589 2879 845 2946 coacervandum
867 2880 936 2943 auri
958 2882 1054 2962 atque

82 2964 213 3049 argenti
233 2965 400 3028 materiam
421 2969 604 3048 opportuna
623 2965 697 3030 loca
714 2964 916 3028 destinantur
934 2967 970 3044 et
992 2963 1056 3028 alia
1131 3019 1137 3028 ,

153 3139 170 3188 b
188 3137 281 3192 Tacta.
299 3135 445 3190 Antehom.
465 3139 514 3188 162
534 3139 593 3190 las.
675 3177 678 3182 ,

155 3273 168 3318 1
183 3287 283 3336 magno
302 3271 466 3336 spectaculo
482 3273 529 3323 GB
540 3274 646 3339 reliquis
658 3275 766 3336 omissis,
783 3273 898 3334 sortasse
909 3274 1055 3338 postquam

84 3338 251 3404 spectaculo
269 3345 391 3404 scriptum
406 3341 504 3404 fuerat
523 3343 647 3406 culpatam
665 3344 796 3398 lectionem
813 3338 921 3404 praebet
938 3339 964 3390 P
1039 3341 1054 3390 7

85 3405 325 3457 antecedfficiales
349 3407 370 3458 G
398 3412 462 3458 autc
486 3405 642 3459 aedificiale
661 3407 687 3458 B
709 3423 779 3459 corr.
801 3407 824 3456 P
902 3409 918 3458 8
941 3406 970 3456 in
993 3406 1055 3471 quis

84 3491 132 3525 om.
151 3473 178 3522 B
205 3475 235 3523 in
252 3475 342 3526 aad
411 3477 443 3528 1s
462 3491 535 3526 aram
553 3491 682 3542 superscr.
703 3476 765 3526 inG
791 3474 826 3526 ad
845 3471 960 3526 aramB
1023 3477 1056 3524 31

87 3541 248 3607 inquirendi
266 3544 298 3592 P.
428 3557 430 3562 ’
537 3547 538 3552 ’

136 3633 230 3677 Drcrrs.
889 3644 904 3694 ἵ
