2416 3944
366 202 479 252 BELLI
497 201 653 278 TVROIANI
669 203 739 252 LIB.
758 203 805 256 IV.
1029 203 1069 267 77

99 351 349 438 persentisceret
371 372 501 415 aversus
524 372 564 414 ue
587 351 721 434 educe,
745 350 880 416 adsistit.
914 343 992 416 ¹dein
1014 353 1070 418 ubi

100 442 231 520 tempus
264 435 370 500 visum
402 439 465 518 est,
498 372 688 519 sseiphobus
721 436 886 520 amplexus
914 437 1070 504 inermem

100 522 252 585 iuvenem
291 519 409 604 quippe
447 519 483 584 in
522 540 613 584 sacro
640 519 804 603 Apollinis
836 520 920 584 nihil
953 521 1070 592 hostile

100 607 304 676 ,metuentem
321 604 508 672 „exosculari
530 604 749 690 gratularique
777 626 873 688 super
900 604 965 688 his,
989 627 1070 689 quae
1198 667 1199 670 ,

103 689 331 770 consensisset,
352 709 458 773 neque
473 689 513 753 ab
536 709 574 752 eo
590 687 700 752 divelli
715 690 770 753 aut
792 690 949 772 omittere,
966 690 1097 773 quoad5

102 774 291 838 Alexander
305 773 422 837 librato
437 771 545 858 gladio
557 793 812 856 procurrensque
832 773 1001 838 adversum
1015 774 1072 838 ho-

103 861 188 922 stem
215 878 273 941 per
304 860 475 939 utrumque
502 857 586 921 latus
614 857 778 943 geminato
807 858 872 922 ictu
900 858 1071 944 transfigit.

102 945 138 1006 at
159 941 217 1005 ubi
240 940 433 1006 dissolutum
448 941 635 1008 vulneribus
657 941 919 1026 animadvertere,
942 963 959 1006 e
980 946 1072 1026 parte

100 1025 182 1109 alia,
211 1025 307 1110 quani
334 1028 507 1109 venerant,
535 1029 710 1172 proruunt:
743 1047 778 1090 re
806 1026 852 1091 ita
873 1027 1014 1091 maxima
1041 1031 1074 1091 et

99 1131 201 1194 super
221 1113 299 1175 vota
322 1110 472 1174 omnium'
481 1131 539 1194 per
555 1112 633 1193 ecta,
656 1109 691 1174 in
706 1111 870 1176 civitatem
891 1115 1069 1176 recurrunt.
1085 1129 1110 1167 10

101 1215 186 1278 quos
202 1195 288 1259 visos
306 1191 419 1258 Ulixes
432 1215 521 1279 „non
535 1197 655 1259 temere
671 1197 750 1278 est,“
771 1195 1017 1279 inquit,⁸,‚qu0d
1038 1197 1074 1260 hi
1198 1197 1199 1200 ’

101 1279 227 1343 turbati
242 1299 279 1342 ac
303 1277 421 1362 trepidi
442 1282 575 1362 repente
589 1278 798 1362 prosiluere.“
841 1279 915 1343 dein
936 1281 1074 1366 ingressi

102 1363 214 1427 lucum
245 1362 599 1447 circumspicientesque
631 1363 781 1428 universa
813 1363 1074 1431 animadvertunt

102 1445 256 1512 Achillen
277 1449 413 1512 stratum
434 1447 525 1512 humi
550 1467 745 1544 exsanguem
765 1451 861 1530 atque
884 1448 981 1512 etiam
1003 1452 1074 1513 tum

102 1531 306 1596 seminecem.
336 1534 407 1596 tum
419 1531 504 1596 Aiax
522 1529 592 1614 „fui
608 1533 627 1566 “
651 1531 759 1614 mquit
774 1531 1023 1614 „confirmatum
1038 1554 1074 1598 ac
1087 1549 1112 1590 15

102 1637 217 1680 rerum
244 1637 302 1700 per
324 1615 476 1681 mortales
512 1616 638 1680 nullum
660 1615 829 1681 hominum
856 1617 992 1682 existere
1018 1639 1074 1702 po-

101 1701 220 1783 tuisse,
244 1699 300 1783 qui
321 1704 353 1764 te
375 1721 452 1765 vera
470 1700 590 1766 virtute
613 1705 777 1784 superaret
815 1701 886 1782 sed,
909 1705 946 1766 ut
967 1701 1074 1784 palam

100 1788 164 1932 qest,
179 1788 283 1933 tuqrte
298 1784 482 1934 inconffita
497 1785 661 1933 temeritas
676 1751 849 1883 prodidit.“
877 1785 951 1932 deiqr
963 1786 1075 1933 lAchil-

105 1891 150 2018 ..0³
164 1889 378 2018 ..turn
409 1873 870 2039 ...attentasset
891 1891 1074 2018 lette
1088 1971 1112 2010 20

95 2035 156 2121 -Po
167 2059 291 2122 yxenae
317 2038 422 2123 gratia
444 2038 713 2102 circumvenere.“
761 2041 832 2101 tum
860 2038 1075 2120 exspirantem
1123 2107 1133 2120 ,

105 2143 180 2186 eum
210 2121 309 2187 duces
337 2121 477 2206 amplexi
505 2144 577 2186 eum
607 2142 725 2208 magno
754 2121 877 2206 gemitu
906 2125 1001 2205 atque
1024 2143 1075 2184 ex·

105 2205 243 2271 osculati
254 2209 453 2290 postremum
469 2206 619 2271 salutant.
643 2205 780 2290 denique
795 2206 880 2270 Aiax
896 2205 1076 2270 exanimem

104 2291 173 2355 iam
195 2290 315 2354 umeris
337 2291 499 2356 sublatum
522 2313 539 2355 e
561 2291 634 2355 luco
657 2291 757 2354 effert.

191 2374 267 2440 ΧΠ
312 2373 406 2450 Quod
433 2376 489 2439 ubi
517 2374 770 2441 animadvertere
793 2374 941 2460 Troiani,
965 2396 1076 2441 omnes
1089 2391 1114 2431 25

103 2459 330 2542 simulportis
351 2461 513 2542 proruunt
540 2460 662 2543 eripere
683 2459 834 2524 Achillen
860 2459 1001 2523 nitentes
1032 2463 1078 2522 at·

127 2565 169 2608 uc
190 2543 319 2608 auferre
350 2545 436 2608 intra
458 2545 587 2608 moenia
620 2544 742 2608 scilieet
768 2564 857 2607 more
886 2543 982 2608 solito
1005 2542 1077 2614 illu-

103 2565 185 2692 dere
201 2628 351 2692 cadaveri
372 2628 440 2692 eius
461 2629 644 2713 gestientes.
682 2631 795 2693 contra
810 2626 925 2692 Graeci
947 2626 1078 2712 cognita

107 2733 143 2776 re
173 2711 311 2796 arreptis
336 2712 434 2776 armis
467 2712 607 2777 tendunt
639 2710 822 2776 adversum:
857 2711 1077 2796 paulatimque

107 2795 1116 2945 3111111111111131111111130

257 2931 264 2945 ·
592 2932 600 2964 1
957 2930 966 2963 7

105 2985 184 3029 vere
216 2966 284 3030 eius
312 2963 458 3029 infensus
486 2965 601 3029 Asium
660 2965 800 3048 ymantis
836 2962 988 3028 Hecubae
1015 2963 1079 3027 fra-

106 3053 204 3131 trem,
228 3071 324 3132 quem
348 3049 489 3132 primum
505 3049 635 3113 obvium
657 3049 780 3131 habuit,
803 3048 966 3113 interficit.
1004 3048 1079 3112 dein

178 3235 242 3287 XII.
259 3236 355 3291 Malal.
375 3239 424 3288 167
443 3237 538 3289 Tzetz.
557 3237 697 3288 Posthom.
717 3239 775 3288 425.

179 3409 195 3458 6
212 3420 431 3470 procurrensque
450 3407 520 3466 libri,
541 3421 593 3471 que
611 3422 658 3456 om.
678 3407 750 3456 editt.
833 3407 848 3455 9
866 3409 1003 3456 uenerunt
1023 3404 1079 3462 GR,

108 3488 181 3523 corr.
204 3475 253 3522 VP
321 3476 352 3524 11
371 3489 424 3540 quo
442 3475 503 3524 uiso
521 3475 546 3522 V
613 3473 762 3538 32Asyum
781 3472 948 3524 dimantisG
981 3471 1079 3522 Astum

109 3537 261 3606 clymantis
279 3541 313 3592 B.
