2424 3938
145 221 192 270 xx
511 197 765 255 1111111111.

146 346 321 428 nequeant,
353 341 503 407 inductus
532 343 647 426 opinor
673 342 748 407 libri
779 343 847 408 eius
881 365 944 429 quo
982 345 1128 410 utebatur

147 431 317 516 pravitate,
339 433 377 495 ut
398 429 445 495 IV
469 431 488 495 8

302 519 439 584 Instruit
460 519 736 602 Amphimachum
760 519 962 604 Colophonia

145 611 225 676 haec
258 630 335 674 sane
366 629 482 692 parum
514 609 722 673 consentiunt
758 631 831 674 cum
862 610 901 674 iis
934 631 1017 695 quae
1050 610 1129 694 apud

145 698 299 764 Daretem
321 719 351 780 p.
366 697 418 779 22,
435 696 476 760 15
500 696 696 782 scripsimus,
719 698 776 763 sed
797 699 901 763 nostri
925 698 1052 764 codices
1073 700 1128 764 hoc

145 790 217 853 loco
240 785 447 851 vehementer
465 785 644 869 perturbati
663 791 740 852 sunt
758 787 977 870 compluribus
996 788 1128 853 nomini·

144 878 205 941 bns
239 874 382 958 omissis,
413 873 527 938 ultimo
560 871 637 957 (soil.
671 874 710 938 de
742 873 851 960 Caria)
890 879 1052 962 corrupto.
1094 877 1129 940 In

146 965 285 1030 editione
308 961 436 1026 Veneta
459 984 486 1026 a.
512 961 597 1025 1499
626 963 782 1047 scriptum
810 967 860 1029 est
882 965 941 1029 ita:
968 965 1028 1050 „de
1052 967 1129 1030 colo·

145 1052 267 1137 phonia
289 1073 309 1115 a
333 1051 399 1115 suis
423 1051 517 1115 cariis
540 1049 824 1132 Amphimachus.“

233 1137 334 1203 Paulo
357 1141 432 1221 post
454 1160 483 1203 1.
501 1139 540 1202 11
556 1144 825 1206 commemoratur
839 1138 968 1225 Remus,
992 1143 1050 1225 qui
1071 1143 1130 1206 iam

145 1229 254 1294 nullus
269 1226 386 1308 existit,
401 1224 456 1291 sed
469 1225 565 1290 modo
575 1227 610 1290 in
624 1229 842 1312 compluribus
857 1227 947 1294 codd.
960 1230 1131 1294 invenitin:

146 1313 545 1403 1111111.12Ε11111111111,
568 1315 623 1398 qui
646 1338 734 1381 error
757 1317 831 1382 inde
854 1312 944 1382 ortus
969 1322 1027 1402 est,
1052 1319 1133 1404 quod

145 1407 180 1470 in
203 1405 292 1471 codd.
306 1403 479 1470 LGverba
501 1403 558 1486 „de
580 1402 740 1469 heliconis
763 1405 915 1470 eufenus“
936 1409 1133 1490 repetuntur.

144 1493 231 1559 Nam
240 1491 449 1557 manifestum
462 1494 512 1555 est
519 1490 653 1558 eundem
663 1494 777 1577 virum,
792 1494 915 1560 scilicet
928 1493 1134 1578 Euphemum

147 1586 282 1665 utraque
305 1580 442 1645 lectione
464 1579 631 1645 contineri.

233 1667 282 1733 VI
305 1668 357 1750 55,
380 1667 423 1731 56

323 1754 447 1819 Occidit
456 1754 568 1819 infelix
576 1755 765 1822 Gobiusnec
774 1757 889 1822 laetior
898 1758 955 1823 illo

324 1842 538 1926 Triptolemus

146 1957 220 2001 cum
242 1933 329 2018 apud
341 1930 493 1996 Daretem
516 1953 547 2015 p.
562 1933 613 2016 31,
636 1933 680 1997 20
702 1935 860 2019 legamus:
888 1935 1023 2017 „obvius
1051 1936 1082 2000 ei
1104 1937 1137 2000 fit

148 2021 351 2106 Tlepolemus
376 2005 548 2101 Rhodius&
570 2021 741 2085 verisimile
764 2025 814 2086 est
827 2021 1002 2106 Iosephum
1025 2045 1138 2090 vocem

146 2133 243 2195 quam
265 2132 332 2174 non
356 2108 434 2172 satis
457 2107 615 2172 intellexit
634 2109 669 2172 in
682 2110 764 2174 libro
780 2131 838 2176 suo
853 2111 1027 2196 invenisse,
1053 2117 1137 2178 certe

39 2251 42 2258 .
144 2200 350 2282 triptolemus
373 2197 408 2260 111
430 2194 463 2259 Α
484 2195 611 2282 legitur.
653 2221 658 2230 ·

234 2286 283 2352 VI
306 2285 349 2350 66
372 2287 438 2348 tres
461 2283 561 2368 legati
585 2289 756 2349 occurrunt

277 2371 492 2455 Demophoon
515 2371 671 2436 Garamas
701 2377 733 2437 et
753 2377 786 2437 te
810 2373 950 2438 Thesida
972 2376 1141 2442 volentem

279 2461 388 2526 Tertia
411 2482 488 2535 cura
509 2465 604 2525 vocat
928 2463 931 2469 ’

146 2550 232 2635 apud
249 2549 401 2615 Daretem
418 2571 449 2631 p.
476 2549 533 2632 24,
556 2551 624 2613 411
647 2571 677 2631 p.
699 2550 754 2633 32,
779 2550 818 2613 11
839 2548 999 2614 Thesidae
1017 2550 1142 2618 Demo·

144 2639 254 2723 phoon
277 2643 308 2703 et
330 2638 468 2704 Acamas
490 2638 708 2702 nominantur.
1192 2721 1193 2726 γ

233 2726 281 2791 VI
304 2727 368 2792 895
393 2726 573 2809 appellatur
596 2725 769 2790 Oernusius
797 2723 1044 2792 cherronensus
1077 2730 1142 2795 Da·
1192 2759 1193 2782 1

144 2816 223 2880 retis
252 2816 291 2880 ef.
314 2839 344 2899 p.
373 2817 425 2898 52,
450 2815 482 2879 1:
506 2818 540 2878 at
561 2815 623 2879 hoc
646 2835 771 2898 quoquc
794 2815 865 2879 loco
889 2815 979 2879 codd.
1002 2837 1144 2904 magno·
1192 2783 1193 2838 i

144 2925 221 2987 pere
253 2905 424 2988 fluctuant,
455 2903 683 2968 chersunesum
710 2904 842 2986 praebet
871 2902 910 2981 G,
938 2924 1145 2972 cerenenson

144 2993 186 3071 F,
217 2993 356 3057 fortasse
388 2991 505 3058 alicubi
536 2991 741 3055 librariorum
777 2991 902 3055 incuria
943 2997 1144 3074 permutatis

146 3081 271 3145 duabus
295 3103 376 3166 quae
400 3079 539 3164 syllabas
559 3080 715 3144 inchoant
728 3079 844 3144 litteris
867 3080 1146 3164 „chernusesum“

146 3170 198 3234 vel
222 3170 287 3234 tale
311 3169 387 3253 quid
411 3170 566 3252 scriptum
588 3169 756 3233 invenerat
779 3170 899 3233 auctor.

236 3256 381 3323 Secundo
395 3258 466 3322 loco
481 3256 781 3322 commemorandus
792 3259 841 3320 est
850 3255 977 3320 Troilus
987 3257 1146 3325 Altera

146 3343 354 3422 3111111111,
380 3345 465 3431 quod
488 3367 617 3409 carmen
644 3367 729 3410 anno
756 3345 841 3409 1249
869 3344 1053 3429 perfectum
1079 3371 1145 3412 uno

148 3430 215 3492 eod.
230 3429 332 3495 Guelf.
347 3435 508 3496 servatum
526 3433 581 3496 sed
594 3434 738 3498 nondum
753 3433 874 3498 editum
888 3432 976 3498 5320
991 3433 1145 3502 distichis

148 3516 337 3581 continetur.
393 3518 647 3604 Diligentissima
680 3522 765 3588 enim
797 3521 951 3588 Albertus
983 3517 1145 3592 Daretem
1191 3523 1192 3582 l
