2416 3944
167 176 209 242 52
478 175 609 228 DlGTYS
628 173 830 228 CRETENSIS

168 326 342 391 Menelaus.
394 346 498 424 neque
526 325 678 422 dubium,
708 325 787 408 quin
819 326 904 422 inter
936 325 1011 423 hos·
1025 331 1144 390 tamen

191 409 377 476 raeoellcret
396 409 596 494 Phrlocteta,
624 431 743 493 quippe
765 407 915 474 Hercubs
942 413 1142 495 sagittarum

168 435 317 560 dominns
351 500 383 560 et
418 495 578 560 destinata
611 493 752 558 feriundi
786 497 855 558 arte
890 494 1057 559 mirabilis.
1105 501 1144 560 at

169 580 301 645 Troiani
316 601 389 644 cum
404 579 613 643 auxiliaribus
634 578 772 643 laxiores
787 578 904 643 militia
924 600 1029 662 neque
1052 580 1144 644 circa

143 665 355 730 sexercitium
378 663 508 728 solliciti
540 661 703 728 socordius
731 663 853 760 agitare
881 685 918 727 aa
947 685 1042 747 saepe
1065 665 1139 728 sine

168 749 236 814 ullo
260 748 449 813 insidiarum
467 751 554 812 metu
576 747 612 810 hi
634 750 691 812 aut
712 746 761 811 ilh
775 747 886 811 multis
908 748 1141 813 immolationi-

168 835 229 899 bus
257 833 459 917 Thymbraeo
487 831 634 915 Apollini
662 831 895 929 supplicabant.
940 831 1041 896 isdem
1069 832 1140 897 fere

170 919 281 983 diebus
314 917 448 983 nuntius
482 919 671 1000 apportatur
704 938 870 982 universas
903 938 1004 1000 prope
1038 918 1141 982 Asiae

136 1015 139 1020 '
170 1003 316 1067 civitates
345 1001 513 1065 descivisse
541 1001 711 1065 aPriamo
738 1004 835 1084 atque
864 1000 932 1065 cius
960 1001 1140 1068 amicitiam

132 1107 157 1146 ιο
171 1087 326 1151 execrari:
360 1107 499 1170 namque
526 1085 679 1150 facinoris
709 1085 855 1169 exemplo
887 1086 1043 1169 suspectis
1072 1087 1140 1150 iam

169 1193 226 1255 per
259 1171 425 1236 universos
460 1169 598 1254 populos
634 1173 809 1255 gentesque
840 1170 924 1234 circa
957 1169 1140 1253 hospitium

170 1256 319 1321 omnibus
354 1253 449 1319 simul
478 1254 628 1320 omnibus
661 1253 792 1337 proeliis
828 1251 967 1320 Graecos
997 1255 1139 1319 victores

171 1340 338 1426 cognitum
360 1343 392 1404 et
414 1339 537 1405 eversio
559 1339 730 1404 multarum
752 1339 787 1402 in
810 1360 848 1402 ea
869 1339 1002 1423 regione
1025 1339 1138 1404 civita-

169 1430 238 1490 tum
261 1426 296 1489 in
318 1425 433 1488 animis
454 1424 616 1507 haeserat,
639 1422 679 1486 ad
693 1426 891 1506 postremum
906 1443 1004 1508 grave
1027 1425 1138 1489 odium

134 1527 159 1568 rs
171 1509 312 1574 filiorum
334 1509 491 1592 regnique
513 1509 581 1572 eius
603 1509 783 1578 incesserat.

236 1593 295 1656 -Π,
340 1593 386 1656 At
407 1593 492 1675 apud
513 1592 642 1656 Troiam
664 1592 748 1657 forte
770 1591 908 1676 quadam
931 1592 980 1656 die
1003 1591 1139 1658 Hecuba

89 1687 92 1694 '
171 1677 371 1760 supplicante
386 1676 533 1759 Apollini
556 1671 699 1740 Achilles
714 1676 920 1741 adinveniens
940 1677 1044 1741 visere
1059 1678 1139 1742 ceri-

174 1761 355 1825 moniarum
377 1782 499 1824 morem
521 1783 594 1825 cum
614 1761 725 1844 paucis
748 1761 918 1825 comitibus
940 1763 1137 1844 supervenit.

171 1849 262 1910 erant
277 1847 442 1929 praeterea
456 1865 529 1908 cum
543 1845 676 1908 Hecuba
690 1849 856 1910 matronae
871 1846 1039 1929 plurimae,
1062 1867 1138 1911 con-

133 1952 158 1990 eo
171 1932 262 2015 iuges
289 1929 515 2013 principalium
542 1929 746 2012 filiorumque
774 1931 857 2012 eius,
888 1930 1007 2012 partim
1035 1931 1138 1996 hono-

170 2037 238 2080 rem
266 2019 362 2099 atque
381 2015 578 2098 obsequium
606 2014 737 2098 reginae
763 2014 950 2079 tribuentes.
995 2015 1138 2099 reliquae

172 2101 231 2167 tali
254 2102 389 2164 obtentu
410 2121 470 2182 pro
493 2121 526 2162 se
542 2120 686 2182 quaeque
707 2101 878 2183 rogaturae
894 2098 1137 2182 supplicabant:

173 2186 269 2249 ctiam
297 2184 448 2248 Hecubae
475 2183 560 2246 filiae
594 2182 738 2246 nondum
765 2187 885 2265 nuptae
911 2182 1078 2266 Polyxena
1106 2190 1140 2248 et

172 2267 350 2333 Cassandra
372 2266 536 2330 Minervae
564 2269 660 2350 atque
680 2267 843 2349 Apollinis
865 2267 1028 2334 antistites
1050 2290 1137 2334 novo

133 2373 159 2412 as
174 2374 211 2416 ac
232 2352 368 2416 barbaro
390 2350 556 2416 redimitae
579 2355 695 2415 ornatu
717 2351 824 2414 effusis
845 2350 923 2416 hinc
944 2355 1041 2436 atque
1063 2353 1139 2418 inde

172 2436 313 2502 crinibus
340 2434 553 2518 precabantur
580 2439 772 2520 suggerente
800 2435 862 2500 sibi
889 2435 1058 2520 Polyxena
1085 2461 1140 2521 ap-

171 2525 319 2606 paratum
341 2520 423 2584 sacri
446 2520 522 2584 eius.
560 2541 596 2584 ac
617 2523 687 2583 tum
709 2519 793 2584 forte
813 2520 958 2584 Achilles
980 2522 1082 2586 versis
1104 2525 1141 2586 in

171 2607 370 2690 Polyxenam
409 2603 509 2670 oculis
548 2603 787 2688 pulchritudine
824 2605 959 2690 virginis
996 2607 1139 2690 capitur:

172 2695 330 2773 auctoque
359 2687 404 2753 in‘
422 2689 518 2754 horas
540 2688 711 2771 desiderio,
741 2689 797 2752 ubi
819 2689 946 2754 animus
967 2711 1037 2754 non
1060 2691 1140 2754 leni-

133 2799 159 2840 30
172 2781 239 2860 tur,
268 2774 308 2840 ad
335 2796 433 2839 naves
455 2773 599 2838 discedit.
644 2771 699 2836 sed
726 2773 782 2836 ubi
809 2772 876 2836 dies
897 2774 994 2858 pauci
1016 2775 1139 2840 fluxere

112 2918 115 2923 .
173 2865 205 2927 et
225 2882 316 2926 amor
331 2859 435 2945 magis
456 2857 667 2943 ingravescit,
690 2857 792 2921 accito
807 2857 1049 2923 Automedonte
1065 2882 1141 2944 ape-

173 2947 216 3009 rit
242 2945 388 3008 ardorem
418 2943 533 3008 animi:
567 2941 607 3006 ad
629 2946 827 3026 postremum
850 2943 1004 3026 quaesiit,
1027 2944 1078 3008 uti
1101 2945 1142 3008 ad

241 3187 254 3234 1
274 3183 324 3233 hos
341 3183 395 3232 iam
418 3179 531 3239 BGlr‘a
558 3197 607 3245 quo
632 3188 709 3230 antea
730 3183 831 3251 uidetur
851 3181 932 3243 ficher
955 3181 1008 3231 hoc
1031 3182 1141 3243 tamen)

171 3253 357 3302 4Perr'zoaiur
379 3251 465 3300 maluit
487 3248 592 3298 laxiore
671 3250 703 3298 10
725 3247 879 3312 exemplum
903 3249 936 3300 (ἰ,
963 3249 1092 3314 exemplo
1117 3251 1143 3299 B

174 3321 204 3368 11
222 3321 343 3368 hostium
363 3317 409 3368 GB
449 3317 610 3382 hospitium,
640 3317 777 3381 quodiam
803 3323 887 3366 tuetur
904 3317 937 3379 P,
966 3315 1143 3368 Obrechtnre

172 3386 244 3435 libris
269 3390 335 3435 arria:
368 3387 433 3435 idem
464 3386 537 3434 addit
568 3400 581 3433 e
608 3384 679 3434 libris
704 3386 758 3433 ruis
792 3383 872 3432 simul
905 3384 1044 3447 omnibus,
1073 3388 1145 3450 quod

174 3468 220 3502 om.
246 3452 306 3503 GB·
363 3455 395 3501 14
418 3457 460 3502 est
482 3452 524 3500 ira
546 3456 574 3500 et
598 3450 632 3499 ad
656 3449 702 3500 GB
741 3451 875 3500 haeserat
898 3456 926 3500 et
949 3451 985 3500 ad
1007 3453 1033 3500 P
1111 3455 1144 3502 17

175 3518 326 3569 adueniens
348 3519 419 3581 libri,
442 3533 531 3582 ¹varicus
551 3519 692 3575 Mercerus,
712 3517 896 3568 adinveniens
914 3520 1020 3584 Per‘pcr.
