2414 3946
140 253 200 300 m
506 231 758 286 Panarrrro.

144 376 287 458 extitisse
312 375 490 460 crederent,
520 381 634 441 contra
656 376 838 459 Artopoeus
861 377 895 440 iu
922 375 1127 442 Praefatioue

142 464 292 528 editionis
326 485 403 528 suae
434 463 644 548 Argentorati
678 465 760 528 1691
799 464 968 529 historiam
1002 463 1127 530 Daretis

142 551 328 636 periocham
350 552 501 616 carminis
520 551 651 636 Iosephi
671 552 778 616 Iscani
802 573 872 617 esse
895 557 1020 617 censet:
1044 555 1125 639 quod

144 641 315 726 quominus
338 641 582 723 comprobemus
605 641 835 724 impedimento
860 645 937 706 sunt
949 642 1054 725 ipsius
1069 642 1127 706 Da-

141 730 220 794 retis
251 729 326 793 libri
357 728 487 812 plurimi
519 749 601 793 saec.
632 728 663 792 X
695 729 814 812 scripti.
872 727 986 814 Neque
1024 733 1130 794 tamen

143 817 321 900 defuerunt,
336 817 391 901 qui
405 817 498 880 aliter
511 821 687 882 censerent.
714 816 780 881 loa.
798 816 980 883 Lndovicus
1002 817 1100 883 Vives
1107 817 1129 904 l)

142 907 189 970 ita
226 906 358 971 iudicat:
403 904 527 988 „Dares
560 905 721 990 Phrygius
754 909 787 969 et
817 905 931 988 Dictys
970 905 1130 972 Cretensis

141 995 298 1078 figmenta
328 997 406 1058 sunt
434 1015 545 1058 eorum
575 995 630 1078 qui
659 994 698 1058 de
727 994 812 1058 bello
835 993 1057 1060 famosissimo
1078 1017 1130 1060 vo-

143 1082 273 1145 luerunt
301 1081 428 1145 ludere“
451 1083 541 1165 eique
565 1083 689 1146 assensi
712 1086 788 1146 sunt
810 1080 882 1146 Ger.
905 1082 973 1147 loa.
995 1082 1129 1148 Vossius

141 1169 268 1254 aliique.
289 1167 1131 1254 NuperrimeHermannusDunger²)viramplissima

142 1257 320 1322 eruditione
335 1262 368 1320 et
381 1259 535 1323 acerrimo
549 1257 672 1343 ingenii
687 1260 833 1323 acumine
847 1259 1015 1342 praeditus
1030 1282 1129 1344 neque

143 1367 260 1430 graeco
283 1367 387 1432 neque
409 1346 512 1411 latino
540 1368 687 1412 sermone
715 1349 869 1431 scriptum
892 1346 1025 1412 Daretis
1050 1349 1133 1412 aliud

143 1456 297 1518 umquam
308 1438 404 1520 atque
412 1457 472 1499 nos
483 1435 667 1499 etiamnunc
675 1436 831 1501 habemus
845 1435 992 1499 extitisse
1007 1438 1133 1521 egregie

141 1523 285 1587 ostendit
310 1526 476 1608 totamque
502 1523 587 1588 hanc
615 1525 835 1608 quaestionem
861 1528 930 1588 tam
953 1523 1132 1589 luculenter

143 1611 307 1693 tractavit,
335 1614 372 1674 ut
398 1633 471 1674 eum
498 1614 530 1675 et
556 1613 591 1676 in
617 1613 658 1676 iis
686 1633 767 1696 quae
790 1612 876 1675 infra
898 1617 1081 1697 sequuntur
1103 1619 1133 1676 et

143 1699 179 1762 in
201 1699 241 1762 iis
263 1720 345 1783 quae
367 1697 468 1784 ipsess)
496 1701 561 1764 iam
589 1701 709 1784 publici
731 1701 810 1765 iuris
833 1700 895 1764 feci
918 1700 986 1764 fere
1010 1723 1134 1785 semper

142 1807 300 1872 sequerer.
345 1786 470 1851 Eodem
492 1793 637 1871 tempore
658 1789 694 1851 in
707 1787 933 1872 Francogallia
955 1789 996 1852 de
1015 1789 1078 1854 hac
1100 1812 1132 1853 re
1194 1801 1195 1870 l

142 1875 181 1940 A.
195 1873 303 1961 J01y4)
327 1897 453 1940 summa
476 1897 548 1940 oum
571 1876 731 1940 industria
753 1880 786 1940 et
809 1877 958 1940 doctrina
982 1878 1133 1942 disseruit
1194 1871 1195 1942 l

146 1967 242 2048 atque
270 1965 329 2047 ita,
352 1968 389 2027 ut
410 1965 445 2028 in
468 1964 667 2048 gravissimis
689 1965 785 2029 rebus
810 1964 1012 2029 adeundam
1039 1970 1133 2050 atque

144 2050 316 2136 Dungerus
340 2053 459 2116 exitum
483 2054 613 2117 veniret.

234 2141 297 2216 Qui
323 2140 430 2204 fontes
458 2140 580 2206 fuerint
607 2142 772 2225 scriptoris
800 2144 927 2224 praeter
954 2139 1135 2207 Homerum

141 2233 175 2293 et
197 2227 317 2312 Dictyn
338 2230 515 2293 nescimus:
538 2229 624 2294 huno
638 2231 781 2315 sequitur
799 2251 867 2312 cap.
882 2228 934 2311 25,
957 2252 1024 2314 quo
1040 2229 1133 2295 Pala·
1192 2289 1193 2312 p

142 2317 228 2381 medi
236 2317 406 2401 imperium
416 2318 608 2402 abrogatum
622 2339 691 2383 esse
701 2321 812 2382 narrat
821 2317 874 2402 (cf.
883 2316 1059 2404 Dictynll,
1073 2319 1134 2404 15),

141 2407 234 2470 illum
247 2406 282 2469 in
295 2406 491 2470 recensendo
506 2407 645 2471 exercitu
660 2405 855 2470 Graecorum
869 2410 902 2470 et
914 2403 1134 2474 Troianorum

142 2516 213 2577 cap.
238 2494 288 2557 14.
302 2499 335 2558 et
351 2495 401 2578 18,
423 2494 488 2558 nisi
500 2494 580 2559 haec
603 2516 729 2579 quoque
748 2515 821 2558 eum
835 2516 874 2558 ex
896 2493 1013 2576 Dictye
1039 2495 1072 2580 (I
1099 2497 1135 2559 17

144 2581 178 2645 Π
192 2578 249 2666 35)
268 2583 443 2665 sumpsisse
462 2585 649 2648 statuemus.
663 2582 703 2647 In
716 2583 902 2646 universum
915 2583 1003 2646 inter
1016 2581 1137 2667 Dictyn
1191 2573 1192 2640 l

145 2668 346 2734 etDaretem
368 2671 430 2736 hoo
444 2670 616 2735 discrimen
632 2670 810 2754 intercedit,
833 2671 1008 2756 quodcum
1021 2669 1136 2755 Dictys
1191 2669 1192 2700 ¹

144 2781 163 2823 e
185 2758 332 2844 partibus
343 2756 540 2823 Graecorum
559 2763 670 2839 staret,
684 2759 737 2823 hic
751 2758 798 2822 ita
810 2759 1031 2824 narrationem
1048 2783 1137 2824 suam

142 2848 295 2930 instituit,
322 2849 359 2910 ut
381 2847 593 2912 Troianorum
606 2848 717 2934 „rebus
747 2869 843 2931 quam
866 2847 1007 2912 inanime
1030 2848 1137 2913 favere

143 2936 297 2999 videatur.

219 3075 239 3142 ¹)
266 3073 379 3128 Ioannis
402 3073 540 3130 Ludovici
556 3075 637 3130 Vivis
656 3075 802 3130 Valentini
826 3075 861 3128 de
880 3073 1040 3144 disciplinis
1061 3075 1138 3130 Libri

143 3145 196 3198 XX
215 3143 347 3199 Coloniae
367 3149 435 3198 1532
454 3163 482 3214 p.
502 3152 562 3200 360.
637 3145 657 3214 ²)
676 3146 728 3200 Die
747 3145 820 3215 Saga
845 3161 911 3200 vom
935 3145 1138 3201 Troianischen

143 3214 246 3284 Kriege
264 3214 295 3269 in
317 3215 372 3269 den
395 3215 622 3286 Bearbeitungen
645 3216 693 3270 des
717 3215 897 3270 Mittelalters
921 3215 981 3270 und
1003 3215 1069 3271 ihre
1094 3235 1137 3270 an·
1188 3237 1189 3284 r

141 3285 222 3339 tiken
251 3285 369 3351 Quellen
390 3285 517 3340 Dresden
541 3293 610 3342 1869
630 3287 795 3357 Programm
824 3287 873 3341 des
900 3285 1137 3341 Vitathumscheu
1188 3285 1189 3292 ’

142 3354 349 3421 Gymnasiums.
431 3356 452 3424 ⁸)
477 3357 569 3412 Ueber
592 3357 679 3412 Dares
705 3374 761 3413 von
790 3356 933 3427 Phrygien
964 3357 1000 3410 de
1028 3358 1136 3412 excidio

143 3422 245 3475 Troiae
263 3441 291 3490 p.
310 3430 423 3479 2546.
494 3426 515 3496 ⁴)
535 3429 567 3480 A.
586 3428 660 3496 Joly,
679 3428 780 3482 Benoit
799 3429 834 3483 de
854 3427 1043 3482 Saintes-More
1064 3433 1095 3484 et
1112 3429 1135 3480 le

144 3491 255 3542 Roman
269 3492 303 3572 de
315 3492 396 3548 Trois
410 3511 447 3547 ou
459 3496 500 3550 les
509 3497 905 3567 metamorphosesd'Homere
918 3501 950 3554 et
966 3498 1135 3570 del'epope‘e

143 3560 329 3626 greco-latmo
348 3578 384 3614 au
402 3570 568 3636 moyen-age
587 3566 666 3623 Paris
686 3573 835 3626 1870--71,
