2424 3938
314 233 429 298 INDEX
448 231 626 288 NOMINUM
645 232 693 286 ET
713 231 849 286 RERUM.
1035 230 1077 294 61

77 383 244 451 Agapenor
262 394 297 432 ex
314 376 435 431 Arcadia
453 375 571 430 Graeco·
599 374 734 428 Anchises
748 374 879 444 princeps
894 371 1079 427 Troianorum

127 469 190 504 rum
209 450 266 502 dux
286 454 363 514 19,5
635 451 696 510 8,4
717 451 795 511 48,8

79 521 165 576 ‚Aiax
188 517 368 574 Telamonius
391 517 426 572 de
448 516 573 570 Hesiona
599 516 796 571 Andromacha
814 513 919 569 Priami
940 513 999 568 filia
1018 521 1080 579 6‚4

128 593 213 646 natus
232 596 279 656 26,
302 597 316 642 1
343 587 511 643 describitur
530 593 571 654 16,
636 587 803 642 describitur
818 591 909 653 15,15
932 588 965 638 ut
979 585 1080 639 Hecto-

130 669 163 716 16
197 677 212 715 e
236 660 380 736 Salamina
403 657 573 713 Graecorum
635 674 825 729 remapugna
835 655 971 711 retineret
979 656 1080 724 Astya-

127 733 186 787 dux
214 737 313 799 17,11
356 730 389 784 A.
418 730 448 783 21
469 728 573 782 Hector
635 725 1080 795 naotemfiliumantepedeseius

127 803 251 858 invicem
273 818 302 856 se
327 802 576 855 remuneraverunt
637 800 782 868 protendit
804 804 851 865 29,
871 804 886 852 9
920 797 950 850 in
972 797 1079 867 templo

128 879 209 942 26,6
241 871 445 939 Alexandrum,
474 886 492 924 a
518 885 574 938 quo
637 871 780 925 Minervae
798 885 826 924 se
846 867 1030 935 2221112149,
1046 874 1078 920 21

127 945 294 998 vulneratus
317 945 373 1009 est,
400 940 503 996 occidit
526 941 574 995 sed
637 941 754 996 libertas
778 941 803 994 ei
828 938 954 994 redditur
979 944 1026 1005 50,
1047 944 1080 992 20

126 1015 190 1084 ipse
208 1013 442 1081 1101110142,19
637 1011 723 1066 Troia
758 1012 843 1081 capte
878 1027 942 1064 cum
973 1009 1080 1063 Heleno

79 1084 166 1140 ,Aiax
195 1083 291 1139 Oileus
318 1083 487 1138 Graecorum
518 1082 575 1136 dux
637 1080 1081 1150 Ο11211012121111102111,52,114

129 1161 210 1222 18,4
237 1155 405 1210 describitur
420 1160 513 1220 18,14
541 1152 574 1208 A.
600 1153 690 1208 Anius
711 1153 825 1208 iubetur
846 1151 982 1206 exercitui
1008 1168 1082 1205 com-

128 1224 573 1296 etMenelausAlexandrumper-
636 1226 761 1278 meatum
779 1224 944 1292 subportare
965 1229 1046 1290 24,4

129 1299 285 1365 sequuntur
304 1302 399 1362 26,11
601 1297 727 1350 Antenor
749 1295 861 1365 legatus
886 1293 916 1348 in
935 1293 1081 1348 Graeciam

80 1367 253 1422 Alexander
277 1365 383 1420 Priami
407 1366 481 1420 filius
507 1371 573 1433 6,3
637 1366 761 1420 mittitur
797 1372 825 1432 6,
860 1370 892 1418 16
940 1363 1082 1432 principes

127 1439 261 1492 hortatur
279 1440 311 1491 ut
329 1436 425 1491 0122112
442 1437 473 1490 iu
490 1435 573 1490 Grae·
638 1436 807 1491 Graecorum
835 1435 908 1502 adit,
937 1435 1081 1489 Priamum

128 1509 205 1564 ciam
217 1507 347 1562 mittatur
362 1513 415 1576 9,1
439 1505 575 1561 exercitui
638 1508 674 1561 ad
699 1507 805 1561 bellum
828 1506 994 1561 exhortatur
1019 1511 1046 1572 6,
1066 1511 1081 1557 2

127 1579 292 1650 praeficitur
319 1585 401 1645 11,9
437 1577 575 1632 Helenam
636 1577 804 1632 describitur
819 1582 905 1645 15,12
929 1578 961 1630 ut
974 1575 1083 1630 Helena

128 1650 208 1720 rapit
225 1656 271 1717 12,
286 1656 320 1704 23
349 1649 517 1703 describitur
533 1655 574 1715 16,
638 1647 752 1704 Graecis
768 1649 902 1704 reddat-ur
919 1646 1019 1701 suadet
1039 1651 1082 1714 45,

128 1728 146 1776 8
185 1720 369 1776 Troianorum
400 1720 458 1774 dux
487 1725 534 1788 23,
558 1725 574 1774 8
639 1727 672 1775 10
712 1738 775 1775 oum
803 1719 866 1775 aliis
893 1719 930 1773 ad
960 1716 1083 1787 patriam

127 1791 253 1847 Menelai
266 1791 472 1860 femursagitta
485 1793 575 1845 trans·
658 1791 810 1846 rodendum
835 1791 964 1844 coniurat
996 1795 1042 1856 41,
1066 1795 1081 1841 3

121 1862 251 1932 ,figitaa
267 1869 300 1916 19
317 1861 498 1915 Palamedem
514 1861 575 1916 vul·
637 1810 739 1916 110122
757 1862 885 1916 remanet
902 1866 948 1926 52,
964 1864 981 1911 4

129 1935 213 1988 uerat
231 1939 327 1999 34,19
357 1932 497 1986 Achillem
515 1933 575 1985 vul·
602 1934 762 1987 Antenorea
782 1934 866 2002 porta
884 1930 985 1984 Troiae
1005 1936 1033 1996 6,
1051 1936 1083 1982 14

128 2006 212 2058 nerat
242 2010 289 2070 41,
320 2008 353 2056 14
394 2002 576 2058 Antilochum
602 2002 770 2057 Antilochus
794 2002 869 2056 filius
892 2000 1019 2054 Nestoris
1047 2001 1082 2054 ab

128 2074 265 2130 interficit
304 2079 357 2142 41,
392 2081 424 2128 14
475 2089 522 2130 201
543 2091 576 2128 us
638 2074 799 2128 Alexandro
822 2071 959 2128 occiditur
981 2077 1029 2136 41,
1051 2077 1082 2124 13

128 2145 249 2199 Achillis
272 2144 338 2198 feris
361 2146 391 2199 et
414 2091 576 2199 1011211102
603 2145 744 2214 Antiphus
771 2143 941 2198 Graecorum
966 2142 1022 2194 dux
1049 2158 1083 2194 ex

129 2216 221 2285 proici
239 2215 319 2270 iubet
337 2221 384 2283 41,
401 2222 433 2269 16
461 2215 577 2269 Aiacem
639 2215 765 2286 Calydna
784 2220 862 2281 18,5
891 2211 1019 2267 2111111112
1040 2219 1083 2279 18,

130 2286 274 2355 vulnerat,
302 2290 334 2340 ut
366 2302 381 2340 2
412 2285 576 2341 vulneribus
641 2293 673 2340 16
711 2287 747 2340 ab
773 2286 893 2340 Hectore
918 2282 1084 2338 interficitur

130 2357 285 2424 moriatur,
323 2357 384 2425 ipse
421 2356 457 2410 ab
490 2356 576 2409 Aiace
640 2363 736 2424 28,10
1085 2374 1089 2389 ¹

130 2429 260 2482 necatur:
280 2428 540 2497 sepultura42,18
604 2427 744 2497 Antiphus
764 2443 779 2482 s
796 2425 927 2480 Maeonia
951 2424 1084 2480 Troiano—

86 2497 225 2552 Alizonia
243 2505 321 2565 23,6
638 2517 701 2552 rum
724 2499 781 2553 dux
804 2503 882 2565 23,2
914 2497 1084 2553 aDiomede

90 2571 252 2623 Amazones
270 2573 366 2636 43,16
639 2568 776 2624 occiditur
794 2575 840 2636 26,
856 2575 890 2622 22

92 2638 318 2707 Amphimachus
335 2656 369 2694 ex
384 2638 467 2693 Caria
482 2637 576 2692 Troia·
604 2639 743 2708 Apollinis
763 2641 860 2695 lanum
878 2640 908 2694 in
926 2637 1084 2706 1112012111-

131 2724 232 2763 norum
251 2710 307 2764 dux
326 2716 423 2778 22,16
638 2711 738 2764 thersa
776 2718 822 2779 12,
856 2717 888 2763 12
942 2709 1085 2763 oraculum

88 2779 318 2848 Amphimachus
333 2779 501 2834 Graecorum
520 2779 577 2832 dux
639 2780 808 2848 Delphicum
823 2787 910 2847 19,13
934 2779 966 2833 Α.
982 2779 1084 2847 Thym·

134 2856 228 2917 18,15
264 2851 300 2905 ab
322 2853 418 2906 Aenea
441 2850 577 2905 occiditur
640 2852 741 2905 bracus
760 2857 808 2919 40,
824 2857 858 2904 29

132 2926 180 2987 26,
196 2927 230 2975 20
605 2937 655 2976 ara
671 2920 745 2975 lovis
763 2928 811 2988 49,
828 2928 859 2976 18

90 2991 320 3061 Amphimachus
333 2991 439 3046 Priami
454 2991 526 3046 filius
541 2991 577 3044 ad
604 2992 726 3047 Arcadia
745 2999 791 3059 19,
807 2999 822 3046 5

132 3061 239 3116 bellum
249 3061 471 3118 continuandum
479 3063 576 3116 exhor·
604 3063 764 3118 Arcesilaus
788 3079 803 3118 e
826 3061 944 3117 Boeotia
967 3061 1085 3116 Graeco-

99 3149 106 3158 ·
131 3135 210 3186 tatur
235 3139 338 3200 45,13
374 3133 486 3187 Priamo
515 3150 577 3201 pro·
640 3153 702 3189 rum
716 3135 773 3188 dux
789 3141 835 3199 11,
853 3140 885 3187 14
913 3134 950 3186 ab
963 3133 1084 3186 Hectore

131 3203 223 3258 mittit
247 3221 276 3258 se
298 3205 414 3258 Aiacem
440 3206 470 3258 et
491 3203 576 3258 Ante·
639 3205 806 3260 interficitur
824 3211 901 3272 26,1

131 3289 230 3328 norem
268 3273 480 3329 interfecturum
517 3290 577 3339 esse
604 3276 794 3330 Archelochus
813 3293 828 3330 e
846 3274 968 3329 Thracia
989 3273 1087 3327 Troia-

131 3351 211 3411 41,1
252 3346 346 3400 claves
369 3347 468 3415 portae
490 3345 578 3400 habet
641 3364 740 3402 nomm
759 3347 816 3401 dux
835 3352 912 3413 23,4

131 3422 212 3483 aas
604 3419 674 3488 Argi
695 3423 968 3485 12,113,719,2
1014 3453 1015 3456 ,

93 3487 236 3556 Amphius
252 3487 287 3541 de
302 3486 379 3541 Zella
393 3486 576 3542 Troianorum
604 3489 707 3558 Argisa
727 3495 771 3557 18,
790 3495 822 3544 16

130 3559 189 3612 dux
209 3566 256 3626 22,
275 3566 307 3614 15
604 3559 704 3629 Argivi
723 3565 769 3628 20,
785 3565 802 3612 4
821 3565 868 3627 52,
885 3567 900 3613 6
