2460 3940
355 195 467 246 snum
485 195 637 248 rsuram
655 198 727 251 ma.
746 199 777 248 v.
1004 197 1043 262 91

74 344 299 430 praesentibus
326 349 466 410 Panibus
499 345 671 429 ceterique,
709 368 846 430 quorum
875 347 1046 412 eonsilium

77 429 300 514 praevalebat,
328 430 431 494 multa
459 429 611 494 disserere
634 433 731 514 atque
753 431 866 496 dooere
889 454 940 516 ea,
964 455 1045 516 quae

72 519 175 578 antea
195 517 286 598 gesta
301 517 409 579 essent
430 517 550 578 temere
572 519 605 579 et
626 515 819 600 inconsulta,
841 538 909 581 non
922 538 982 601 per
1002 538 1045 599 se,

73 599 284 748 ilidpbliedldi
299 597 1073 768 azbidbldplioeldibediiqddodabarffiguddrddddss
1166 715 1171 728 ·

76 767 220 832 Graecos
241 767 407 851 tulissent,
434 789 502 834 non
524 774 640 852 sponte
661 769 799 834 factum:
827 791 967 854 namque
990 771 1046 854 qui
1074 773 1077 779 '

73 853 138 916 sub
160 853 295 936 imperio
317 853 423 938 alieno
446 857 593 938 agerent,
623 855 854 938 expectandum
875 855 928 920 his
950 858 1046 938 atque

75 937 301 1019 exequendum
323 959 391 1001 esse
411 941 527 1001 nutum
549 938 627 1022 eius,
680 939 714 1003 ui
735 943 854 1004 teneat.
900 938 942 1003 ob
965 959 1046 1020 quae

74 1021 214 1105 dignum
241 1043 309 1085 esse
332 1021 471 1086 Graecos
499 1022 574 1087 data
595 1023 690 1088 venia
712 1023 879 1088 consulere
902 1023 962 1107 eis,
990 1023 1046 1106 qui

78 1127 208 1188 semper
235 1109 380 1170 auctores
408 1106 496 1189 pacis
517 1106 648 1172 fuerint.
693 1112 834 1173 ceterum
856 1130 876 1172 a
897 1107 1046 1172 Troianis
1060 1123 1085 1163 1⁰

73 1190 120 1255 ob
149 1189 232 1254 male
266 1191 413 1256 consulta
445 1191 523 1255 satis
554 1212 731 1274 poenarum
765 1195 921 1257 exactum.
972 1192 1047 1256 dein

73 1274 182 1340 multo
197 1273 275 1340 hino
290 1279 386 1359 atque
407 1275 482 1339 inde
497 1275 609 1340 habito
632 1298 778 1341 sermone
794 1277 834 1341 ad
848 1279 1047 1360 postremum

75 1359 118 1424 de
140 1358 236 1424 modo
258 1361 475 1443 praemiorum
503 1360 557 1445 agi
579 1365 738 1444 coeptum.
783 1364 852 1424 tum
874 1359 1047 1425 Diomedes

75 1443 223 1528 quinque
251 1444 342 1508 milia
368 1444 563 1509 talentorum
592 1446 663 1509 auri
690 1465 728 1508 ae
755 1442 890 1508 totidem
919 1444 1047 1529 argenti

76 1531 186 1612 optat,
208 1533 373 1612 praeterea
393 1529 494 1594 tritici
509 1531 645 1593 centena
662 1529 766 1594 milia:
790 1549 889 1612 eaque
911 1549 969 1612 per
991 1549 1047 1592 an·
1061 1540 1086 1584 1⁵

76 1635 139 1678 nos
162 1611 281 1677 deoem.
324 1616 394 1677 tum
422 1613 550 1677 silentio
578 1613 690 1678 habito
711 1636 731 1678 a
753 1613 876 1678 eunetis
898 1616 1048 1677 Antenor

77 1719 150 1762 non
165 1697 361 1762 Graecorum
382 1719 471 1763 more
486 1718 581 1782 agere
604 1719 658 1762 eos
673 1697 842 1762 adversum
865 1719 898 1761 se
921 1699 976 1780 ait,
992 1696 1048 1762 sed

76 1782 232 1846 barbaro:
254 1803 393 1865 namque
415 1782 502 1866 quod
523 1781 726 1866 inpossibilia
747 1782 964 1866 postularent,
993 1803 1049 1865 pa·

76 1868 147 1930 lam
167 1865 238 1930 fieri
258 1869 427 1950 praetextu
448 1866 536 1950 pacis
551 1866 671 1931 bellum
693 1888 748 1930 eos
770 1867 943 1930 instruere:
967 1870 1048 1930 oete·

74 1973 153 2048 rum
185 1951 256 2014 auri
287 1955 421 2048 tantum·
439 1954 542 2048 ,atque
572 1951 698 2047 argenti
730 1971 772 2014 ne
805 1954 874 2015 tum
909 1950 1047 2047 quidem,
1061 1965 1086 2004 ²⁰

77 2034 1048 2214 stillat?slttlttdttllttttt,ttulit

73 2225 246 2288 superesse
268 2202 425 2288 Troianis,
448 2205 497 2269 uti
519 2204 634 2269 clausis
651 2204 753 2287 portis
775 2203 979 2286 incensisque
1001 2223 1049 2266 1n·

76 2294 133 2354 tus
156 2288 289 2353 deorum
317 2288 468 2353 aedificiis
496 2289 537 2353 ad
558 2292 756 2372 postremum
785 2288 870 2352 idem
892 2287 954 2352 sibi
976 2309 1049 2352 oum

77 2373 187 2458 patria
202 2373 336 2438 exitium
351 2377 506 2458 peterent.
536 2376 649 2438 eontra
658 2371 845 2437 Diomedes:
862 2371 960 2456 „Non
974 2372 1050 2436 eivi-
1063 2384 1089 2424 2⁵

74 2462 182 2523 tatem
203 2461 343 2522 vestram
369 2458 606 2523 consideratum
628 2458 725 2543 Argis
753 2458 900 2522 venimus
906 2507 915 2540 ,
938 2478 1051 2521 verum

79 2543 252 2607 adversum
266 2565 325 2608 vos
347 2543 538 2608 dimicaturi.
575 2543 733 2640 quoeirea,
756 2543 823 2606 sive
846 2542 943 2606 etiam
964 2560 1051 2605 nuno

79 2627 203 2692 bellare
225 2627 261 2692 in
275 2628 384 2691 animo
406 2631 464 2712 est,
486 2630 593 2712 parab
609 2627 732 2710 Graeci,
755 2627 833 2710 sive,
850 2629 889 2691 ut
902 2626 958 2709 ais,
981 2624 1052 2710 igni

77 2711 200 2776 dabitis
226 2711 338 2796 Ilium,
377 2734 445 2777 non
475 2711 733 2796 prohibebimus:
773 2713 892 2795 quippe
921 2709 1052 2775 Graecis

77 2796 205 2862 affectis
231 2796 351 2861 iniuria
378 2796 490 2861 uleisei
517 2797 626 2861 hostes
654 2817 730 2860 suos
758 2796 835 2859 finis
855 2795 934 2858 est.“
982 2797 1052 2857 tum
1065 2807 1091 2847 ³0

79 2881 230 2946 Panthus
251 2881 286 2944 in
324 2883 484 2945 roximum
507 2879 591 2944 diem
607 2879 735 2944 veniam
749 2877 948 2964 deliberandi
971 2880 1052 2942 orat.

79 2965 256 3114 ffinostri
270 2903 322 3028 ad
326 2965 527 3030 Antenorem
541 2965 663 3030 abeunt
677 2968 773 3048 atque
793 2963 869 3027 inde
891 2962 928 3027 in
941 2961 1053 3027 aedem

156 3071 262 3117 errae.

168 3133 242 3200 VII.
284 3132 418 3198 Interim
447 3135 653 3218 cognoscitur
688 3133 723 3198 in
757 3138 914 3217 apparatu
946 3152 1055 3195 rerum

153 3342 167 3389 l
185 3334 323 3406 Panthus]
345 3337 452 3404 lampus
475 3339 535 3389 libri
561 3354 629 3390 corr.
648 3335 810 3391 Dederiobus
881 3338 899 3386 4
918 3333 1056 3399 despecti·

83 3423 135 3473 que
154 3406 181 3456 B
199 3414 227 3456 at
244 3407 279 3469 cs.
297 3407 346 3458 18
416 3409 448 3458 18
461 3406 533 3471 quod
550 3408 653 3457 uidetur
670 3422 726 3457 ease
743 3404 806 3456 inB
824 3404 912 3470 quod
930 3418 992 3454 oum
1004 3401 1060 3451 PV

81 3472 229 3526 aeneai
248 3474 272 3523 B
345 3477 379 3525 23
397 3474 499 3525 troiani
521 3474 605 3524 sleuti
624 3473 757 3528 GB‘eorr.
780 3473 830 3524 VP
896 3473 929 3522 80
947 3483 1056 3534 quoquo

84 3543 165 3593 modo
185 3543 248 3593 add.
272 3543 321 3592 VP
336 3549 396 3592 unte
413 3541 522 3592 ulcisci.
