2424 3938
271 235 319 288 DE
338 234 487 290 EXCIDIO
507 235 643 289 TROIAE
662 235 844 292 HISTORIA.
868 297 872 302 ,
1011 237 1054 301 35

66 380 182 464 Argivi
205 378 334 462 cedunt,
366 379 401 442 in
428 381 534 442 castra
556 378 760 464 confugiunt:
792 377 924 444 Troiani
946 402 1054 464 perse-

66 471 197 549 cuntur,
222 471 326 532 castra
350 468 553 551 obpugnant,
583 488 681 531 naves
704 468 888 532 incendunt.
934 469 1054 533 Achilli

65 557 253 620 nuntiatum
275 560 338 639 cst,
360 555 550 620 dissimulat.
591 555 675 618 Aiax
698 555 904 621 Telamonius
927 556 1055 622 fortiter

66 645 219 709 defendit.
267 665 333 709 nox
359 643 517 728 proelium
550 643 679 708 dirimit.
735 644 850 730 Argivi
875 645 911 708 in
939 647 1052 710 castris

64 731 249 798 Palamedis
286 732 453 797 scientiam
485 733 680 817 aequitatem
717 733 920 798 clementiam
961 734 1079 798 boni-⁵

64 825 167 886 tatem
207 823 435 886 lamentantur.
494 819 626 885 Troiani
665 820 881 906 Sarpedonem
915 826 947 886 et
978 821 1052 886 Dci-

64 909 210 993 phobum
233 910 359 974 deflent.

155 997 273 1063 XXIX.
332 996 451 1063 Nestor
492 999 547 1082 qui
584 998 688 1063 maior
727 1003 807 1064 natu
844 1002 915 1062 erat
954 1005 1052 1064 noctu

64 1087 214 1152 ductores
240 1087 276 1151 in
299 1087 468 1152 consilium
495 1091 589 1151 vocat
612 1087 725 1151 suadet
746 1087 908 1171 hortatur,
934 1093 971 1152 ut
992 1089 1051 1152 im·

63 1178 246 1258 peratorcm
265 1174 452 1260 praeficiant
474 1178 507 1238 et
530 1175 557 1238 si
576 1175 622 1240 eis
640 1175 786 1240 videatur
806 1175 943 1241 eundem
964 1176 1091 1262 Aga-1⁰

63 1284 269 1328 memnonem
295 1263 429 1327 minima
452 1285 524 1328 cum
548 1263 707 1328 discordia
728 1264 797 1329 ficri
819 1286 923 1348 posse.
968 1266 1052 1330 Item

64 1355 309 1436 commemorat,
338 1351 413 1416 dum
440 1353 494 1416 ille
521 1353 697 1436 imperator
723 1353 798 1437 fuit,
825 1373 876 1418 res
900 1374 1052 1436 prospere

63 1441 205 1524 cessisse,
234 1440 359 1505 felicem
392 1439 492 1505 fuisse
522 1441 709 1505 exercitum:
734 1442 762 1505 si
791 1441 843 1506 cui
865 1441 943 1526 quid
965 1442 1052 1506 aliud

62 1529 211 1593 videatur
234 1529 338 1593 dicere
362 1529 482 1594 suadet.
520 1550 631 1594 omncs
655 1528 854 1613 adsentiunt,
878 1530 1050 1615 Agamem-

62 1638 184 1681 nonem
218 1638 378 1682 summum
409 1618 637 1701 imperatorem
668 1619 867 1702 praeficiunt.
921 1622 1051 1702 postera
1066 1629 1090 1671 1⁵
1146 1670 1150 1674 .

63 1706 114 1769 die
138 1705 271 1770 Troiani
294 1707 414 1770 alacres
437 1707 473 1770 in
496 1706 597 1770 aciem
619 1707 786 1790 prodeunt.
823 1707 1051 1792 Agamemnon

63 1794 238 1859 exercitum
266 1798 378 1859 contra
405 1794 519 1860 educit.
569 1794 692 1878 proelio
721 1796 892 1860 commisso
915 1800 1050 1880 uterque

63 1883 221 1946 exercitus
253 1883 338 1946 inter
375 1903 408 1946 se
444 1888 575 1967 pugnat.
629 1886 801 1968 postquam
840 1877 944 1948 maior
974 1905 1049 1966 pars

62 1971 126 2033 diei
145 1970 288 2054 transiit,
311 1969 419 2054 prodit
436 1971 471 2034 in
489 1971 594 2054 primo
609 1963 749 2054 Troilus,
772 1970 876 2036 caedit
895 1971 1050 2054 devastat,

61 2059 203 2144 Argivos
244 2059 279 2123 in
315 2062 421 2126 castra
461 2059 562 2144 fugat.
620 2062 750 2142 postera
786 2059 836 2124 die
873 2059 1048 2124 exercitum
1062 2072 1088 2112 2⁰

61 2146 195 2211 Troiani
227 2147 382 2212 educunt:
415 2152 528 2213 contra
559 2148 794 2232 Agamemnon.
843 2148 880 2212 fit
907 2147 1048 2211 maxima

61 2235 189 2320 caedes,
222 2240 356 2321 uterque
383 2237 541 2301 exercitus
576 2237 662 2300 inter
697 2255 731 2300 se
762 2239 887 2321 pugnat
924 2236 1047 2301 acriter.

60 2324 182 2388 multos
205 2324 300 2389 duces
323 2323 518 2409 Argivorum
542 2323 668 2389 Troilus
691 2324 849 2389 interficit.
883 2327 1048 2409 pugnatur

60 2411 225 2476 continuis
257 2412 369 2477 dicbus
401 2411 475 2476 Vll.
529 2411 756 2497 Agamemnon
792 2413 933 2478 indutias
964 2413 1048 2497 petit

58 2501 95 2562 in
118 2498 199 2564 duos
222 2521 358 2565 menses.
403 2499 598 2564 Palameden
626 2501 796 2586 magnifico
822 2501 933 2582 funere
956 2502 1048 2568 effert
1061 2511 1087 2553 2⁵

59 2592 248 2673 ceterosque
262 2587 357 2653 duces
373 2609 409 2653 ac
426 2588 546 2652 milites
564 2590 691 2673 utrique
711 2590 910 2673 sepeliendos
925 2596 1047 2656 curant.

133 2786 146 2833 1
172 2778 271 2850 Argivi
294 2779 399 2834 cedunt
426 2780 598 2847 transponas,
626 2779 760 2832 inlibris
786 2785 824 2834 est
845 2785 911 2849 post
933 2781 1045 2850 occisol

55 2850 181 2920 turpiter
198 2850 298 2920 Argiui
315 2853 397 2920 terga
411 2852 525 2905 uertunt
541 2849 605 2904 add.
620 2848 646 2902 G
660 2854 723 2902 ante
741 2848 770 2902 in
789 2853 881 2904 castra
898 2852 902 2917 Ι
917 2866 1046 2921 persequ.

57 2921 84 2975 G
158 2920 344 2992 aoppug.G
416 2920 596 2975 enuntiatur
615 2919 641 2973 G
657 2923 661 2986 l
677 2919 874 2975 fortissime&
946 2922 1045 2976 tbon.
1155 2922 1158 2930 “

56 2992 138 3048 clem.
158 2990 186 3046 G
257 2991 386 3061 fideiph.
411 2994 440 3045 ct
463 3004 537 3060 serp.
556 2990 582 3044 G
654 2993 776 3044 Snoctc
798 2989 825 3044 L
898 2997 930 3045 12
954 2991 999 3046 his
1017 2992 1049 3045 F

54 3061 192 3117 isdemG
233 3062 283 3116 ille
305 3062 332 3115 L
354 3065 358 3130 Ι
381 3063 455 3116 essct
477 3061 503 3115 L
525 3067 529 3128 l
551 3077 595 3115 res
619 3058 720 3115 orraG
799 3067 831 3116 13
850 3067 961 3131 gestum
985 3078 1045 3117 csse

55 3133 127 3188 satis
147 3132 173 3187 G
210 3132 278 3187 satis
296 3132 323 3187 L
341 3133 413 3202 qaod
431 3135 589 3200 corruptam
607 3147 661 3187 esse
674 3137 745 3200 pato
763 3147 797 3186 ec
814 3132 931 3187 cessisse
948 3135 951 3200 l
968 3131 1045 3186 aliud

54 3204 124 3273 quid
144 3200 257 3258 uidetur
279 3203 306 3259 G
382 3208 416 3257 14
439 3203 599 3258 assenciunt
623 3201 650 3257 G
726 3209 759 3257 16
778 3201 897 3273 alacres]
915 3202 984 3257 laeti
1011 3218 1045 3258 ex

54 3273 213 3344 oppidoG
291 3280 322 3330 18
340 3275 484 3344 pugnatur
504 3272 531 3326 L
565 3273 681 3344 fugatur
705 3272 744 3342 G,
762 3288 812 3328 nos
829 3276 939 3344 pugnat
1011 3277 1044 3327 19

52 3345 163 3414 prodiit
182 3343 208 3400 G
225 3347 228 3412 l
244 3344 273 3398 in
295 3345 387 3414 primo
405 3344 463 3398 scil.
482 3345 590 3414 cymino
609 3345 687 3411 libri,
705 3349 737 3399 at
754 3345 834 3411 infra
851 3363 877 3414 p.
897 3349 945 3411 39,
968 3350 996 3411 1,
1015 3344 1043 3398 in

51 3415 154 3484 primis
174 3417 237 3471 edit.
262 3415 352 3471 Vener.
370 3414 465 3483 laedit
483 3414 509 3468 G
581 3421 615 3470 20
633 3419 667 3470 tr.
686 3414 817 3470 exerc&
887 3420 921 3469 21
940 3428 1045 3485 magna

52 3485 179 3542 cedere
250 3492 284 3541 22
303 3485 471 3557 pugnantG
487 3486 490 3551 l
508 3485 621 3557 acriter]
634 3504 677 3556 pr.
692 3501 755 3540 acre
770 3485 802 3541 fit
816 3485 842 3541 (ἲ
910 3491 942 3541 23
958 3485 1043 3541 inter·

51 3558 123 3612 lecit
141 3555 208 3612 L¹G
243 3556 376 3611 interficit
394 3557 420 3610 L
493 3562 527 3612 26
546 3556 645 3625 ntique
664 3573 685 3612 s.
704 3559 785 3612 curat
803 3555 836 3610 G.
898 3593 900 3600 .

825 3647 879 3700 d*
