2414 3946
373 199 578 248 unaeunurr
601 199 676 248 cun.
693 201 753 248 vn.
1007 187 1047 252 61

76 357 134 419 per·
154 357 187 400 se
208 339 312 417 positis
333 341 410 400 notis
430 338 592 418 aequaliter
612 341 707 418 posita
730 348 783 402 εει.
829 343 981 404 summitas
1004 351 1048 404 est

78 423 161 502 quod
190 423 404 499 longitudinem
430 432 459 484 ει
479 427 669 486 latitudinem
687 433 800 485 tantum
822 425 920 488 hahet
966 446 1045 488 sum·
1065 438 1080 486 2

74 509 189 570 mitatis
210 508 284 568 lines
303 507 398 569 lineae
419 519 497 570 sunt.
546 507 645 587 plana,
672 525 748 587 quae
769 509 876 571 dicitur
898 513 1046 590 epipedos,

75 594 232 654 summitas
254 602 298 654 est
318 610 394 672 quae
414 609 504 671 super
524 611 556 654 se
576 593 679 672 positis
700 596 790 654 rectis
811 593 896 656 lineis
919 596 1048 675 aequali·

39 689 56 738 5
76 687 126 738 ter
146 679 244 756 posita
259 685 315 747 εει,
336 676 383 738 νει
399 695 474 758 quae
489 679 550 739 suis
565 677 673 738 unibus
694 679 856 757 aequaliter
876 681 971 758 posita
993 689 1045 742 ost.

75 761 187 841 planus
214 761 341 840 angulus
364 771 409 824 est
435 764 464 822 in
488 762 609 841 planitie
632 763 756 823 duarum
783 761 928 826 linearum
950 783 1010 824 non
1032 784 1048 824 e

75 847 203 924 regione
223 850 387 927 positarum
408 847 445 908 ad
467 865 559 908 unum
582 849 698 924 signum
716 849 891 926 contingens
906 851 1047 910 curvatio,

75 932 155 992 haec
176 930 272 993 lineae
288 951 363 1012 quae
385 931 525 1010 angulum
547 933 700 992 continent
714 949 781 992 cum
803 940 902 994 rectae
918 941 999 1004 sunt,
1023 934 1048 992 is

74 1015 205 1093 angulus
224 1019 314 1077 rectis
334 1015 419 1077 lineis
440 1018 586 1076 contineri
605 1015 721 1076 dicitur.
759 1018 785 1075 si
805 1024 886 1078 recta
907 1017 984 1078 linea
999 1037 1047 1079 su·
1067 1028 1083 1076 3

23 1111 55 1160 ιο
74 1117 133 1178 pra
148 1106 261 1161 rectam
282 1099 388 1162 lineam
404 1109 485 1162 stans
501 1103 658 1160 continuos
678 1099 803 1178 angulos
822 1102 900 1162 inter
915 1121 947 1163 se
962 1119 1049 1181 pares

74 1185 164 1254 lacit,
185 1192 249 1246 tum
270 1191 397 1262 uterque
419 1205 453 1246 ex
476 1184 598 1264 paribus
620 1183 736 1263 angulis
756 1192 857 1248 rectos
877 1186 997 1255 dicitur,
1021 1195 1050 1246 ει

74 1287 113 1330 ea
129 1269 207 1330 linea
223 1271 337 1332 Graeco
354 1270 501 1339 cathetoe,
523 1269 626 1330 Latine
641 1269 785 1330 normalis
799 1270 915 1332 dicitur.
948 1281 1049 1332 rectus

74 1353 208 1431 angulus
222 1362 268 1416 εει
282 1353 416 1415 modicus
431 1362 460 1415 ει
476 1353 531 1414 sibi
544 1371 720 1432 congruens,
738 1354 831 1416 hebes
846 1357 940 1416 maior
955 1363 1046 1425 recto,

74 1449 184 1500 acutus
199 1440 296 1500 minor
311 1450 403 1500 recto.

22 1646 53 1692 15
449 1641 501 1692 DE
518 1639 683 1723 Fleuum
1067 1639 1084 1699 7

143 1776 253 1854 Figura
274 1784 319 1838 εει
334 1793 410 1856 quae
430 1775 529 1854 aliquo
545 1776 603 1835 linc
624 1785 674 1836 aut
694 1774 840 1855 aliquibus
854 1775 962 1838 linibus
978 1794 1048 1836 oon-

71 1863 199 1922 tinotur.
236 1860 365 1922 circulus
380 1869 425 1921 est
438 1861 533 1939 figura
545 1859 642 1939 plana
662 1877 719 1921 una
735 1859 812 1921 linea
833 1860 1047 1940 conprehensa,

74 1944 132 2005 †in
149 1963 239 2023 quem
254 1946 369 2007 mediae
384 1963 489 2007 omnes
506 1945 600 2006 lineae
620 1946 699 2005 inter
715 1962 747 2005 se
763 1962 850 2022 pares
865 1953 942 2005 sunt.
978 1962 1049 2005 cen-

72 2039 148 2092 tron
164 2037 210 2092 ost
226 2038 294 2090 nota
311 2028 414 2090 circuli
429 2029 528 2090 medii.
559 2028 727 2090 diametron
749 2037 886 2089 est-recta
903 2028 980 2090 linea
996 2045 1049 2106 per
1069 2038 1084 2086 ι

21 2126 56 2174 20
76 2122 208 2176 centron
222 2116 343 2176 inmissa
365 2122 394 2176 ot
415 2115 445 2175 in
468 2124 626 2194 utramque
642 2120 759 2192 partem
774 2130 878 2174 secans
894 2112 1049 2174 circulum,

76 2199 291 2279 hemicyclium
303 2198 406 2261 circuli
418 2197 582 2260 dimidium.
600 2197 844 2277 euthygrammoc
856 2197 970 2258 lormao
983 2207 1052 2258 sunt

75 2301 157 2362 qirae
178 2286 269 2344 rectis
289 2282 375 2344 lineis
396 2285 593 2344 continentur.
634 2284 787 2360 trigonum,
806 2281 987 2352 trilaterum,
1010 2290 1050 2343 te·

76 2377 246 2446 traponum
273 2367 352 2448 quod
381 2376 533 2448 quattuor,
563 2366 774 2428 multilaterum
803 2366 882 2446 qruod
903 2366 1047 2446 pluribus.

150 2641 174 2689 1.
193 2639 283 2690 noctis
306 2639 334 2689 V
392 2651 487 2704 postne
500 2653 533 2688 en
546 2648 691 2689 summissa
704 2652 753 2688 osu
766 2639 827 2696 DV,
846 2655 915 2690 corr.
932 2638 1053 2689 Cauchius

75 2711 102 2758 2.
125 2711 154 2758 et
172 2707 349 2757 latitudinem
367 2707 429 2760 add.
448 2707 545 2756 Iuduus
564 2721 599 2755 eu
616 2704 700 2755 Bulbo
714 2721 743 2770 p.
756 2707 796 2766 99,
810 2707 843 2754 12
857 2704 984 2772 (Lacum.)

74 2779 102 2827 3.
124 2788 199 2826 rouro
218 2789 316 2825 niueae
335 2789 423 2838 supera
440 2787 534 2839 pcaua
551 2772 612 2833 DV,
631 2788 699 2824 corr.
720 2773 843 2822 Cauchius
911 2774 936 2826 8.
954 2773 1007 2823 hae
1031 2774 1057 2822 V

74 2845 154 2907 nralpo
224 2843 358 2893 aecne'D
428 2855 488 2893 arun
510 2842 577 2900 DV,
601 2856 671 2893 corr.
694 2841 827 2890 Manutius
894 2840 938 2891 has
961 2841 987 2891 D

75 2913 122 2961 11.
146 2909 218 2960 fecit
244 2911 269 2960 V
335 2904 410 2976 tum]
439 2921 554 2960 rourum
584 2909 641 2957 DV
707 2909 747 2957 12.
777 2923 809 2958 en
834 2922 934 2958 octena
957 2907 994 2964 D,
1026 2912 1055 2957 et

75 2978 176 3043 aliena
198 2977 224 3026 V
289 2991 407 3027 nantuac
431 2993 462 3028 ac
478 2983 571 3042 postea
587 2975 731 3026 vocobulum
748 2990 848 3026 erasum
866 2977 891 3024 D
961 2977 1001 3026 15.
1021 2973 1054 3025 de

75 3045 178 3110 figuris
197 3046 401 3096 uersucoutiuuo
419 3045 448 3096 V
513 3045 554 3095 17.
571 3057 625 3093 uua
645 3041 674 3106 (u
692 3045 717 3094 in
729 3041 794 3108 ros.)
814 3045 839 3092 D
909 3045 949 3094 18.
969 3040 1056 3092 moola

75 3125 170 3166 omum
189 3111 248 3162 DV
311 3127 417 3164 cernon
436 3113 470 3173 D,
488 3114 537 3162 sed
548 3127 565 3162 u
581 3112 667 3176 prima
678 3127 719 3176 m,
737 3117 764 3160 ut
775 3112 883 3170 uidetur,
902 3125 981 3176 super
998 3125 1052 3161 oer⁴

73 3229 133 3266 sum
156 3213 220 3266 add.
292 3215 332 3268 19.
362 3228 433 3266 noua
456 3211 487 3276 (o
510 3215 536 3263 lu
559 3213 628 3275 roc.)
650 3214 675 3263 D
743 3214 785 3264 20.
814 3195 940 3264 cenrrrou
963 3212 988 3261 D

75 3283 186 3334 omissa
203 3284 277 3347 culpo
345 3283 388 3332 21.
408 3292 576 3333 emrcrccum
594 3282 653 3330 DV
718 3292 932 3346 ennrouemmae
951 3281 976 3329 D
999 3277 1058 3344 (sed

75 3365 114 3402 en
133 3365 188 3401 nou
197 3351 367 3416 perspicuam
384 3355 492 3414 poscunt
506 3351 582 3400 etium
594 3353 646 3414 topi
663 3346 718 3410 eu),
738 3349 917 3415 entigrammo
939 3350 965 3398 V
970 3345 988 3411 ¹,
1008 3363 1056 3399 en-

73 3422 237 3484 tygrumme
259 3418 286 3468 V
288 3416 299 3449 ²
368 3419 410 3468 22.
434 3431 507 3482 quae
529 3432 661 3482 superocr.
684 3419 711 3468 iu
729 3417 753 3465 D
776 3419 881 3482 antiqua
902 3432 988 3468 manus

71 3493 255 3554 tetragonum
272 3502 319 3537 om.
337 3487 363 3535 D
