2416 3944
166 214 209 278 54
474 211 605 267 DIOTYS
625 215 825 266 cuaruusls

167 367 217 450 pis
239 365 431 448 productum
460 365 625 429 ordinant:
654 387 759 448 neque
787 387 825 430 ea
852 365 1042 430 aTroianis
1065 389 1128 453 seg-

88 511 91 516 .
167 451 240 514 nius
262 450 448 534 agebantur.
486 450 586 534 igitur
600 450 656 512 ubi
678 451 837 534 utrimque
860 450 1034 514 instructae
1050 453 1128 516 acies

168 533 338 599 advorsum
361 555 543 616 processere
565 539 662 617 atque
684 535 769 598 intra
790 534 847 598 teli
863 535 981 598 iactum
998 541 1127 600 ventum

167 623 224 702 est,
241 619 402 684 cohortati
420 640 495 682 suos
512 619 647 702 quisque
659 640 773 682 manus
790 623 965 682 conserunt
980 621 1015 684 in
1026 621 1134 685 medio·

90 775 93 780 Ι
142 704 280 768 eleuatis
303 703 463 786 equitibus
479 707 511 766 et
533 704 575 766 ob
596 701 630 766 id
644 703 756 786 primis
770 705 961 788 congressis,
998 709 1128 803 tumque

167 789 307 870 primum
335 809 425 872 reges
454 788 558 852 nostri
586 791 681 870 atque
710 788 850 851 hostium
873 789 1012 852 ascensis
1035 811 1129 854 cum-

166 873 225 936 bus
247 873 367 937 bellum
394 873 509 938 ineunt
540 871 661 936 adscito
696 872 756 936 sibi
786 873 920 956 quisque
949 875 1063 960 auriga
1092 875 1130 939 ad

166 957 323 1042 regendos
346 979 454 1040 equos.
499 957 698 1040 sedprimus
720 957 865 1020 omnium
886 957 1059 1022 Diomedes
1081 961 1128 1023 in·

166 1045 277 1105 vectus
310 1041 520 1124 Pyraechmen
552 1062 662 1126 regem
695 1040 859 1106 Paeonum
898 1042 991 1106 hasta
1025 1042 1131 1108 fronte

130 1145 154 1182 10
168 1126 267 1190 ictum
288 1126 455 1208 interficit,
480 1127 554 1190 dein
576 1131 713 1208 ceteros,
737 1147 817 1208 quos
840 1127 881 1190 ob
902 1127 1053 1192 virtutem
1077 1151 1131 1191 rex

167 1231 274 1274 secum
297 1211 467 1294 stipatores
488 1211 644 1275 habuerat
675 1211 886 1294 conglobatos
913 1212 999 1276 inter
1027 1235 1061 1276 se
1084 1219 1128 1276 at·

167 1317 228 1378 que
251 1317 344 1360 ausos
365 1295 511 1360 resistere
539 1296 657 1378 partim
678 1295 744 1359 telo
764 1296 888 1358 eminus
910 1295 1026 1379 fundit,
1050 1297 1129 1361 alios

167 1402 260 1444 curru
288 1402 346 1464 per
373 1380 494 1445 medios
522 1381 649 1444 concito
672 1380 763 1443 humi
791 1381 919 1462 opterit.
964 1381 1039 1446 dein
1061 1381 1131 1445 Ido-

166 1485 298 1527 meneus
321 1463 465 1529 adhibito
489 1466 578 1548 equis
600 1464 745 1528 Marione
766 1467 945 1529 Acamanta
972 1465 1132 1530 Thracum

130 1565 154 1605 15
168 1568 276 1632 regem
297 1548 402 1630 deicit,
425 1550 594 1633 ruentique
616 1550 681 1614 telo
698 1549 836 1613 occurrit
856 1553 952 1633 atque
974 1551 1021 1614 ita
1035 1551 1132 1615 inter-

165 1632 242 1695 ficit.
292 1631 348 1695 sed
375 1633 430 1696 ubi
456 1631 579 1697 Hector
611 1633 691 1697 situs
719 1634 754 1696 in
786 1638 877 1716 parte
906 1634 970 1698 alia
1009 1636 1132 1699 medios

166 1737 297 1780 suorum
325 1716 417 1780 fundi
445 1718 576 1801 accipit,
609 1717 771 1800 dispositis
806 1719 882 1782 satis
910 1720 1049 1783 strenuis
1077 1721 1132 1783 ubi

165 1801 332 1885 pugnabat
370 1802 509 1866 accurrit
540 1802 659 1866 auxilio
705 1803 925 1867 laborantibus
973 1803 1133 1868 Glaucum

168 1906 275 1948 secum
290 1907 327 1950 ae
341 1885 547 1970 Deiphobum
563 1890 596 1950 et
609 1886 843 1970 Polydamanta
857 1888 988 1952 habens.
1026 1910 1132 1972 neque

128 1987 153 2026 ao
167 1969 313 2053 dubium,
343 1971 422 2054 quin
450 1962 560 2036 deleta*
588 1993 607 2035 a
634 1970 804 2054 praedictis
831 1971 959 2056 regibus
994 1995 1032 2036 ea
1058 1995 1133 2056 pars

165 2055 309 2119 hostium
337 2055 436 2139 foret,
465 2057 498 2120 ni
528 2053 668 2120 adventu
702 2077 760 2119 suo
789 2055 910 2120 Hector
937 2061 1132 2140 nostrosque

166 2140 299 2204 ulterius
326 2141 477 2226 progredi
512 2163 548 2204 ae
583 2163 657 2204 suos
683 2141 796 2224 fugere
831 2139 1036 2206 cohibuisset.
1088 2143 1135 2206 ita

167 2224 281 2288 Graeci
313 2225 470 2306 prohibiti
503 2225 597 2288 caede
629 2225 826 2308 reliquorum
854 2247 999 2308 represso
1028 2227 1133 2312 gradu

167 2307 337 2371 advorsum
360 2329 429 2390 eos,
453 2309 508 2392 qui
531 2313 796 2391 supervenerant,
819 2311 1001 2374 constitere.

128 2408 153 2447 2⁵
252 2391 292 2455 V.
337 2393 385 2456 Ac
407 2415 482 2457 mox
510 2393 641 2478 cognito
669 2416 727 2478 per
749 2394 934 2458 universum
956 2397 1136 2462 exereitum

166 2476 290 2560 proelio
320 2478 355 2540 in
383 2499 421 2541 ea
453 2483 544 2562 parte
578 2479 694 2562 reliqui
722 2480 817 2543 duces
844 2480 1042 2544 confirmatis
1076 2484 1135 2546 ubi

167 2561 302 2644 quisque
324 2567 527 2647 pugnaverat
540 2563 681 2646 undique
704 2585 741 2628 eo
765 2563 941 2628 confluunt.
979 2565 1138 2630 densatur

166 2645 328 2730 utrimque
356 2647 440 2712 acies
471 2652 502 2712 et
528 2648 687 2732 proelium
715 2652 906 2718 renovatum
929 2653 986 2713 est.
1032 2651 1138 2735 igitur

166 2729 288 2794 Hector
316 2731 373 2796 ubi
394 2733 550 2816 plurimos
579 2755 709 2796 suorum
738 2732 847 2797 adesse
870 2737 902 2797 et
924 2734 1002 2798 satis
1024 2739 1138 2800 tutum

127 2831 153 2870 30
166 2837 199 2879 se
228 2815 403 2902 intellegit,
432 2818 519 2882 tollit
546 2817 681 2882 animos,
731 2817 805 2880 dein
839 2817 978 2882 clamore
1011 2841 1137 2905 magno

80 2897 83 2904 ’
166 2901 312 2983 singulos
341 2924 471 2967 suorum
499 2903 630 2967 nomine
657 2902 822 2986 appellans
855 2903 1071 2968 confidentius
1101 2907 1139 2968 in

166 2983 292 3048 hostem
307 3008 451 3071 pugnare
467 2987 630 3051 hortatur:
654 3008 691 3051 ac
710 3007 898 3072 progressus
920 2987 1007 3052 intra
1030 2990 1139 3054 aciem

166 3067 288 3132 Dioren
312 3074 344 3134 et
366 3071 564 3154 Polyxenam
586 3071 679 3134 Alios
709 3071 787 3134 satis
817 3071 953 3156 impigre
982 3094 1137 3158 pugnan-

165 3157 213 3216 tes
243 3154 399 3218 vulnerat.
451 3160 484 3219 at
511 3156 566 3219 ubi
594 3177 667 3219 eum
695 3155 839 3219 Achilles
869 3156 915 3220 ita
942 3157 978 3220 in
1004 3158 1139 3223 hostem

233 3361 248 3408 9
263 3361 428 3422 pyrheehum
445 3361 466 3410 G
489 3361 635 3426 pyrathum
646 3361 670 3410 B
683 3363 831 3424 iampridem
847 3377 916 3412 corr.
928 3360 931 3426 Ι
943 3365 1075 3426 peanium
1088 3363 1139 3414 ΕΒ

165 3428 312 3488 paeonium
331 3429 355 3476 P
388 3429 526 3479 Paeonum
544 3430 805 3480 restiluicMercerus
859 3432 891 3480 14
908 3429 1069 3496 Agamanta
1088 3430 1139 3481 GB

165 3494 199 3609 {g
217 3493 373 3625 hodgimadi
397 3495 443 3544 ΕΒ
490 3495 656 3546 confirmatis
687 3499 849 3547 coniecerunt
880 3497 1005 3547 Burttr’uc
1039 3501 1140 3564 aliique

300 3577 316 3610 a
