2460 3940
182 161 223 226 92
490 161 622 213 ulcxxs
642 159 843 212 exurausls

182 311 364 377 divinarum
390 312 577 395 portentum
605 311 733 394 ingens:
761 330 900 393 namque
926 308 992 374 aris
1019 331 1153 394 eompo-

184 397 248 461 sita
260 417 424 461 sacrorum
439 398 592 460 consueta
606 416 682 459 mox
696 393 856 458 subiectus
878 393 964 478 ignis
979 416 1048 460 nou
1064 417 1153 460 eom-

183 479 380 566 prehendere
402 502 507 564 neque
529 499 729 560 consumere,
760 478 808 542 uti
830 481 941 560 antea,
966 479 1022 542 sed
1043 501 1153 562 asper·

181 565 264 630 nari.
312 588 376 649 que
406 587 440 628 re
472 564 594 629 turbati
625 563 812 648 populares,
846 563 941 628 simul
974 563 1021 628 uti
1053 564 1153 628 fidem

156 667 169 708 ⁵
183 651 291 716 nuntii
312 652 491 732 noscerent,
515 648 555 713 ad
570 670 658 714 eram
673 647 835 731 Apollinis
852 647 1029 730 confluunt,
1052 651 1152 732 atque

182 735 228 800 ibi
250 734 460 818 superpositis
475 737 621 798 extorum
635 732 780 816 portibus
794 732 851 796 ubi
869 732 999 796 flamma
1019 732 1154 798 admota

182 822 240 902 est,
264 824 396 902 repente
419 821 543 901 cuneta,
566 839 647 901 quoe
669 817 806 898 inerant,
829 815 1010 881 disturbata
1024 813 1065 881 ad
1082 821 1152 910 ter·

181 925 252 968 ram
274 903 432 968 decidunt.
477 924 541 986 quo
564 901 744 985 spectaculo
766 901 920 985 perculsis
948 905 1044 985 atque
1067 905 1152 966 atto-

182 988 260 1052 nitis
289 988 437 1052 omnibus
476 987 582 1052 subito
617 986 685 1050 avis
718 985 826 1069 aquila
859 984 996 1050 stridore
1027 1002 1171 1071 magno¹

144 1091 170 1130 ro
183 1071 329 1136 immittit
357 1094 425 1136 sese
452 1076 548 1155 atque
571 1074 717 1135 extorum
738 1073 863 1153 partem
891 1069 988 1153 eripit
1009 1092 1152 1154 moxque

183 1156 401 1254 supervolans·
414 1155 455 1220 ad
474 1177 574 1254 naves
597 1154 794 1251 Graecorum
820 1155 942 1251 pergit,
970 1154 1084 1238 ibique·
1101 1177 1153 1252 ra-

183 1244 427 1410 tltlsllssll·
445 1239 1153 1409 palal‘lelllttl”sallellas

184 1409 356 1474 Diomedes
380 1431 453 1474 eum
475 1408 570 1475 Ulixe
593 1408 830 1473 dissimulantes
852 1430 933 1492 quae
955 1408 1155 1492 gerebantur

147 1512 171 1552 15
187 1494 392 1560 obambulare
423 1495 458 1557 in
491 1494 564 1559 foro
594 1493 885 1576 eiroumspioieutes
918 1492 1154 1577 laudantesque

182 1577 346 1726 maspha-ra
361 1599 494 1726 opequm
510 1578 648 1674 civitatis
663 1578 755 1674 siris..
778 1577 914 1726 agaqppd
928 1579 1151 1726 navtlesbauspi-

184 1682 234 1726 ero
303 1682 469 1726 1mon11s
492 1683 635 1726 ommum
658 1683 773 1726 ammrs
849 1683 925 1726 eas
957 1685 979 1726 u
1051 1684 1155 1727 ouum

183 1746 327 1810 animum
354 1749 516 1831 gererent,
544 1745 707 1829 hortatur,
734 1746 826 1810 brevi
853 1711 971 1829 quippe
1000 1746 1154 1812 dominos

184 1830 254 1894 fore
277 1851 397 1913 eorum,
421 1851 501 1914 quae
524 1829 609 1914 apud
630 1829 760 1895 Troiam
782 1833 898 1894 essent.

145 1933 171 1974 ro
268 1913 360 1979 VIII.
390 1913 539 1980 Ceterum
554 1913 687 1980 Hecube
701 1936 735 1979 re
751 1914 882 1999 cognita
895 1913 1057 1997 plaeatum
1074 1915 1155 1988 deos

184 1999 347 2084 egreditur
374 2020 411 2064 ao
431 2001 538 2084 praeoi
562 2021 603 2064 ue
624 1999 805 2064 Minervam
833 2002 930 2082 atque
952 1997 1153 2085 Apollinem,

184 2085 351 2167 quiscum
375 2084 460 2149 dona
486 2105 519 2147 m
554 2089 602 2166 ta,
630 2088 699 2149 tum
727 2083 873 2148 victimas
896 2083 1019 2166 opimas
1043 2083 1155 2150 admo-

112 2167 116 2171 ’
183 2172 245 2232 vet
289 2169 344 2233 sed
371 2169 407 2232 in
434 2168 591 2232 adolendo
621 2190 702 2252 quae
724 2168 902 2233 saumatis
924 2167 1155 2252 reddebantur,

185 2251 295 2316 eodem
310 2251 406 2316 modo
428 2253 586 2336 restingui
607 2253 698 2338 ignes
717 2274 753 2316 ae
774 2257 907 2335 repente
922 2252 1055 2317 interire
1079 2254 1152 2319 visi.

145 2334 270 2400 seinter
294 2357 378 2484 quae
405 2339 472 2400 tam
494 2336 632 2402 sollicita
655 2335 833 2403 Cassandra
860 2336 919 2401 deo
940 2337 1039 2421 plens
1062 2339 1156 2404 vieti-

116 2470 118 2473 .
184 2441 293 2484 masa

186 2505 305 2587 quippe
333 2506 496 2589 aspernari
525 2507 589 2570 iam
618 2507 772 2571 sacrificia
793 2506 979 2604 indignatos
1001 2507 1043 2571 ob
1066 2529 1155 2572 oom-

185 2587 318 2652 missum
339 2590 436 2673 paulo
462 2594 537 2656 ante
564 2590 667 2655 soelus
699 2591 735 2655 in
761 2590 957 2675 Apollinem.
1007 2592 1055 2656 ita
1083 2596 1156 2656 tau-

185 2671 245 2755 ris,
274 2674 329 2756 qui
357 2674 514 2742 immolati
541 2679 647 2759 erant,
670 2675 710 2740 ad
731 2695 847 2760 rogum
865 2673 1032 2758 Hectoris,
1055 2677 1155 2742 sieuti

142 2773 172 2814 eo
185 2757 416 2842 imperabatur,
444 2760 621 2844 adportatis
642 2781 781 2856 moxque
809 2760 879 2844 igni
901 2761 1058 2825 subieeto'
1076 2783 1155 2826 oon-

185 2847 356 2908 sumuntur
377 2848 502 2909 cuneta.
544 2844 630 2927 inde,
651 2845 709 2908 ubi
730 2867 795 2909 ram
810 2850 1002 2928 vesperamt,
1019 2845 1155 2910 domum

186 2925 369 2992 dissessum.
419 2932 515 3011 atque
552 2928 662 2993 eadem
694 2934 789 2994 noete
817 2932 966 2994 Antenor
1000 2930 1084 2994 olam
1117 2932 1156 2995 in

185 3011 341 3158 templum
357 3010 521 3077 Minervae
536 3014 634 3096 venit,
657 3013 713 3078 ubi
728 3014 838 3078 multis
853 3014 1001 3100 precibus
1023 3015 1057 3078 vi
1071 3017 1155 3079 mix-

184 3094 227 3158 tis
276 3095 391 3180 heano,
414 3117 495 3180 quae
518 3097 547 3162 ei
567 3097 690 3180 templo
713 3097 859 3163 seeerdos
876 3101 959 3182 (erat,
981 3101 1154 3182 persuasit,

335 2419 485 2486 Hectoris
513 2422 673 2486 tumulum
700 2421 868 2488 transferri
892 2423 1045 2505 imperat:
1075 2423 1155 2488 deos

252 3282 319 3333 VIII
336 3283 431 3340 Malal.
451 3287 500 3338 138
519 3287 568 3336 143
586 3283 701 3336 Cedren.
719 3288 741 3338 P
762 3287 809 3337 131
845 3295 846 3298 ’

254 3433 285 3482 12
303 3440 432 3486 nontam
452 3435 499 3486 GB
575 3439 606 3487 14
624 3436 830 3489 dissimulanter
849 3438 871 3490 G
892 3444 1005 3490 nostram
1022 3439 1044 3488 Β
1119 3441 1154 3490 1⁷

187 3497 307 3564 monitis]
325 3502 407 3552 motis
429 3505 461 3554 V.
607 3497 611 3504 ’

205 3747 230 3782 0·
