2416 3944
162 171 202 232 12
472 171 603 222 DIOTYS
622 169 823 222 ORETENSIS

160 323 322 384 exsectum
344 319 460 384 orienti
476 319 696 401 occidentiquc
718 318 841 400 dividit,
863 321 958 402 atque
982 319 1127 404 singulos

159 402 288 468 nudatis
303 403 418 488 gladiis
439 425 497 487 per
511 402 652 468 medium
674 404 810 468 manure
832 401 930 467 iubet.
969 403 1045 467 dein
1062 427 1125 468 mu-

160 488 311 552 cronibus
333 488 490 574 sanguine
513 489 580 552 eius
603 488 728 570 oblitis,
756 487 910 552 adhibitis
936 487 1036 552 etiam
1058 489 1127 552 aliis

160 572 202 636 ad
224 594 294 637 eam
316 593 383 637 rem
398 573 595 655 necessariis,
617 573 802 637 inimicitias
826 572 888 636 sibi
910 592 983 636 cum
997 571 1125 636 Priamo

136 673 219 739 fiper
246 657 437 742 religionem
468 655 674 722 confirmant:
707 677 811 740 neque
840 656 929 740 prius
951 677 985 720 se
1008 656 1126 720 bellum

160 741 350 824 deserturos,
367 763 463 826 quam
478 740 574 805 Ilium
586 745 620 805 at
642 761 682 805 ue
698 762 793 805 omne
808 761 944 826 regnum
957 741 1123 805 eruissent.

161 825 232 909 quis
254 825 404 909 perfectis
433 847 512 910 pure
534 825 614 890 lauti
672 829 774 890 artem
795 829 890 907 atque
914 823 1124 890 Concordiam

160 909 270 974 multis
292 910 568 974 immolationibus
590 910 651 974 sibi
673 909 926 993 adhospitavere.

244 991 332 1058 XVI.
369 993 455 1059 Dein
481 995 516 1059 in
545 995 667 1077 templo
692 992 827 1058 Iunonis
856 993 997 1078 Argivae
1027 997 1124 1058 recto-

122 1093 147 1132 10
159 1097 227 1142 rem
262 1079 406 1143 omnium
439 1078 592 1144 declarari
619 1078 749 1161 placuit.
805 1078 905 1162 igitur
938 1077 1060 1162 singuli
1092 1077 1122 1140 in

159 1161 301 1246 tabellis,
352 1183 408 1226 uas
430 1163 471 1228 ad
498 1161 703 1247 deligendum
730 1162 807 1226 belli
828 1161 1008 1245 principem
1032 1183 1122 1245 quern

160 1245 273 1327 cuique
300 1184 461 1312 videretur
494 1251 697 1331 acceperant,
730 1247 861 1311 Punicis
894 1246 1013 1312 litteris
1042 1248 1122 1330 Aga·

158 1332 340 1396 memnonis
361 1353 481 1396 nomen
504 1330 682 1416 designant.
733 1331 779 1396 ita
801 1351 958 1396 consensu
981 1331 1122 1394 omnium

159 1415 298 1479 secundo
326 1436 454 1481 rumore
483 1437 640 1480 summam
672 1415 749 1480 belli
783 1419 879 1499 atque
907 1415 1066 1480 exercitus
1092 1415 1122 1477 in

122 1513 146 1554 1⁵
160 1519 192 1562 se
222 1499 368 1582 suscipit:
398 1499 484 1583 quod
511 1501 540 1564 ei
575 1504 608 1564 et
639 1505 770 1584 propter
804 1520 1009 1584 germanum,
1038 1498 1122 1564 cuius

159 1582 263 1666 gratia
278 1582 398 1647 bellum
420 1582 453 1646 id
467 1584 641 1666 parabatur
663 1589 695 1648 ct
708 1587 840 1667 propter
854 1603 1006 1668 magnam
1029 1604 1121 1666 opum

159 1665 235 1749 virn,
258 1667 374 1750 quibus
395 1671 523 1814 qraeter
551 1673 673 1734 ceteros
696 1669 847 1733 Graeciae
875 1688 968 1752 reges
989 1687 1121 1752 magnus

159 1753 255 1832 atque
277 1750 380 1816 clarus
426 1753 595 1836 abebatur,
624 1754 738 1818 merito
761 1752 931 1816 acciderat.
975 1752 1051 1816 dein
1072 1751 1122 1814 du-

159 1855 211 1898 ces
232 1834 475 1919 praefectosque
490 1837 622 1901 navium
637 1836 807 1919 Achillem,
823 1836 956 1900 Aiacem
978 1840 1011 1900 et
1023 1835 1120 1900 Phoe·

120 1933 145 1974 20
158 1918 263 1982 nioem
278 1919 450 1985 destinant.
483 1941 560 2004 prae
584 1924 726 1985 onuntur
741 1921 838 1992 etiam
854 1919 1025 2002 campestri
1041 1941 1121 1984 exer-

158 2001 237 2066 citui
251 2001 438 2068 Palamedes
461 2025 533 2068 cum
580 2003 705 2070 iomedc
728 2007 760 2068 et
782 2003 893 2084 Ulixe,
916 2004 963 2066 ita
984 2008 1022 2067 ut
1043 2005 1122 2067 inter

157 2107 191 2150 se
207 2086 337 2160 diurnas
353 2088 600 2171 vigiliarumque
615 2089 700 2152 vices
716 2087 915 2170 dispertiant.
953 2087 1004 2150 his
1019 2108 1121 2171 perac-

157 2170 199 2234 tis
233 2170 274 2234 ad
305 2171 463 2254 parandas
499 2193 576 2254 opes
619 2176 715 2254 atque
751 2173 965 2236 instrumenta
992 2172 1121 2236 militiae

158 2254 278 2338 singuli
300 2275 358 2318 sua
379 2254 415 2317 in
437 2274 538 2340 regna
553 2255 729 2320 discedunt.
765 2256 897 2320 interim
918 2255 996 2319 belli
1019 2255 1119 2320 studio

119 2353 144 2394 25
158 2335 290 2402 ardebat
312 2338 417 2402 omnis
440 2337 588 2404 Graecia:
618 2361 720 2422 arma,
743 2341 823 2422 tela,
845 2340 935 2422 equi,
957 2361 1057 2405 naves
1079 2343 1119 2404 at

157 2443 219 2505 que
248 2422 328 2486 haec
362 2422 471 2486 omnia
502 2427 571 2488 toto
606 2425 737 2489 biennio
772 2427 1019 2508 praeparantur,
1054 2445 1120 2489 cum

156 2507 307 2570 iuventus
328 2507 446 2590 partim
469 2529 526 2572 sua
548 2513 679 2592 sponte,
710 2508 766 2572 alii
793 2507 975 2590 aequalium
997 2507 1037 2573 ad
1059 2509 1120 2594 glo·

156 2590 238 2654 riam
249 2591 464 2655 aemulatione
475 2594 585 2658 munia
597 2593 731 2657 militiae
742 2592 942 2682 {estimarent
971 2591 1027 2656 sed
1041 2594 1120 2656 inter

157 2675 236 2739 haec
248 2696 372 2739 summa
383 2696 459 2740 eura
472 2697 591 2762 magna
602 2679 650 2741 vis
661 2679 793 2741 navium
807 2677 978 2760 praecipue
989 2677 1119 2742 fabrica-

119 2775 145 2816 30
157 2763 225 2822 tur':
249 2759 370 2824 scilieet
390 2781 432 2824 ne
453 2760 658 2826 multamilia
676 2761 882 2842 exercituum,
898 2760 1040 2845 undique
1055 2781 1117 2826 ver-

157 2865 228 2908 sum
242 2845 277 2908 in
292 2864 393 2908 unum
411 2845 553 2928 collecta,
571 2846 695 2910 incuria
719 2845 894 2930 navigandi
912 2845 1118 2910 tardarentur.

242 2927 345 2993 XVII.
382 2928 488 3076 Igitur
501 2934 631 3012 peracto
647 2930 779 2994 biennio
800 2929 840 2992 ad
855 2928 1008 2993 Aulidem
1023 2928 1119 2994 Boeo·

156 3011 230 3094 tiae,
252 3032 328 3074 nam
350 3013 376 3076 is
412 3034 488 3077 ocus
511 3014 650 3079 delectus
673 3015 787 3096 fuerat,
810 3012 930 3098 singuli
952 3034 1044 3098 reges
1065 3032 1118 3096 pro

155 3094 309 3160 facultate
332 3116 430 3179 opum
452 3099 608 3181 regnique
634 3099 806 3163 instructas
834 3097 951 3162 classes
976 3097 1118 3182 praemit-

155 3300 184 3350 M
224 3233 416 3350 ΧἮΙΡΜῗεὲΙαΙ.
437 3233 676 3286 1350edren.124
693 3237 783 3287 Dares
796 3235 934 3300 Phrygius
948 3232 1012 3286 XIV
1031 3234 1118 3286 Coust.

186 3315 279 3350 suess.
645 3336 647 3340 .

139 3480 141 3484 .
224 3435 341 3498 latque
359 3434 402 3484 its
423 3434 449 3482 B
513 3437 544 3485 21
563 3433 761 3500 palemedesG
824 3435 1118 3487 27Dederielzuemoluic

155 3500 235 3549 scribi
253 3500 410 3564 aequalium
429 3501 463 3552 ob
532 3503 565 3552 28
583 3501 703 3552 miliciae
724 3502 771 3552 GB
841 3505 873 3553 32
891 3503 1048 3554 tardaretur
1068 3501 1116 3552 ΕΒ.
