2416 3944
181 209 223 271 22
489 207 622 260 chTYs
640 206 844 259 CRETENSIS

182 382 244 443 que
276 359 453 424 neccssaria
485 358 606 424 affatim
642 358 863 442 portabantur.
919 361 1062 422 ceterum
1098 381 1149 422 rer

182 444 238 508 ubi
260 446 537 529 Agamemnonem
563 443 759 526 fratremque
782 442 850 506 eius
877 445 987 506 abesse
1010 443 1149 507 animad-

182 530 288 612 vertit,
311 529 421 593 multis
435 528 584 613 precibus
599 525 718 591 Ulixen
740 526 937 610 deprecatur,
959 527 1009 591 uti
1032 527 1074 590 ad
1098 550 1148 591 eos

183 612 349 678 acciendos
371 617 528 698 pergeret.
571 611 606 675 hi
628 612 737 694 itaqm
760 611 799 674 ad
814 611 994 696 Telephum
1014 613 1150 676 veniunt

157 715 220 762 aaa
242 719 330 762 more
353 697 443 782 regio
471 697 610 761 invicem
637 696 775 780 acceptis
798 694 944 780 datisque
967 696 1062 761 donis
1087 696 1148 760 Ma·

182 781 339 847 chaonem
367 786 401 846 et
426 781 625 846 Podalirium
652 780 837 862 Aesculapii
862 780 947 844 filios
976 782 1090 846 venire
1117 803 1148 844 ac

182 867 308 932 vulneri
335 866 455 931 mederi
482 867 610 949 iubent,
643 866 698 949 qui
731 866 876 948 inspecta
910 887 988 930 cura
1013 888 1148 950 propere

182 957 259 1034 apta
281 952 385 1015 dolori
407 950 619 1015 medicamina
640 949 812 1033 inponunt.

266 1035 340 1101 VII.
384 1033 447 1100 Sed
473 1035 529 1098 ubi
550 1036 635 1100 tntis
657 1035 782 1118 aliquot
809 1033 921 1100 diebus
944 1039 1073 1118 tempus
1096 1057 1147 1098 na-

145 1139 170 1176 10
183 1119 318 1269 rect
343 1112 1147 1184 c

181 1289 302 1354 adeunt
320 1225 552 1373 a‹igrismqueglddl
576 1287 817 1372 opportunitate
849 1226 1005 1371 tdmpioris
1039 1227 1146 1353 ebusu-

181 1374 269 1438 lunt:
293 1379 388 1457 atque
411 1375 451 1438 ab
474 1394 511 1439 eo
535 1373 620 1438 docti
643 1373 737 1438 initio
760 1373 844 1437 veris
866 1394 906 1436 ex
927 1373 979 1436 his
1008 1373 1089 1438 locis
1112 1373 1146 1436 ad

181 1458 313 1522 Troiam
334 1457 508 1542 navigandi
531 1463 658 1542 tempus
673 1479 750 1539 esse,
773 1457 897 1541 reliqua
911 1456 1055 1541 adversa,
1078 1479 1146 1522 cun·

146 1562 170 1600 15
183 1543 243 1606 otis
279 1542 461 1606 volentibus
489 1542 658 1608 Boeotiam
691 1545 897 1606 revertuntur
936 1542 1047 1626 ibique
1082 1542 1145 1606 sub-

182 1627 285 1694 ductis
306 1626 443 1690 navibus
469 1626 590 1710 singuli
618 1627 653 1690 in
682 1647 862 1712 regnasua
889 1626 1069 1692 hiematum
1092 1627 1144 1689 dis·

181 1711 309 1778 cedunt.
353 1711 483 1775 interim
510 1711 546 1774 in
571 1732 609 1775 eo
632 1712 699 1776 otio
724 1732 759 1775 re
785 1712 792 1724 '
816 1712 1057 1796 Agamemnoni
1080 1733 1144 1776 oum

181 1795 330 1860 Menelao
358 1796 457 1860 fratre
485 1817 630 1861 exercere
659 1795 764 1860 discor
786 1796 832 1860 ias
859 1817 997 1860 vacuum
1024 1797 1089 1860 fuit
1109 1796 1144 1859 ob

181 1879 342 1963 proditam
369 1879 583 1978 Iphigeniam.
633 1880 660 1943 is
689 1901 828 1965 namque
858 1883 971 1945 auctor
996 1885 1029 1945 et
1052 1880 1145 1946 veluti

143 1985 169 2024 so
182 1986 279 2030 causa
300 1964 405 2030 luctus
427 1986 496 2028 erus
518 1965 715 2029 credebatur.

265 2049 355 2114 VIII.
400 2049 462 2114 Per
490 2049 576 2114 idem
602 2054 745 2132 tempus,
774 2049 829 2112 ubi
859 2048 897 2112 de
926 2050 1143 2115 coniuratione

180 2136 349 2199 universae
386 2135 539 2199 Graeciae
576 2134 660 2217 apud
697 2132 827 2197 Troiam
863 2137 1057 2218 conpertum
1093 2135 1143 2212 est,

181 2219 365 2282 auctoribus
393 2219 500 2282 nuntii
535 2219 603 2282 eius
636 2217 758 2297 Scythis
787 2218 947 2301 barbaris,
983 2219 1040 2302 qui
1071 2239 1142 2282 mer·

181 2301 275 2366 candi
304 2303 409 2386 gratia
439 2323 497 2386 per
525 2324 653 2367 omnem
675 2302 923 2386 Hellespontum
952 2307 1142 2368 commutare

142 2407 168 2447 aa
181 2408 231 2451 res
265 2407 337 2451 oum
370 2387 486 2451 accolis
519 2388 602 2452 sueti
635 2386 720 2451 ultro
756 2387 900 2470 citroque
939 2388 1142 2481 vagabantur,
1181 2419 1182 2514 p

180 2475 285 2536 metus
307 2476 403 2556 atque
425 2493 551 2536 maeror
566 2472 731 2536 universos
752 2472 908 2554 invasere,
930 2493 1005 2536 cum
1020 2471 1141 2558 singuli,

182 2557 298 2640 quibus
321 2562 360 2620 ab
382 2556 476 2620 initio
492 2555 669 2622 Alexandri
690 2556 816 2621 faciuus
831 2555 1048 2640 displicuerat,
1068 2555 1141 2622 male
1180 2557 1181 2652 l

181 2645 289 2704 actum
310 2641 478 2705 adversum
501 2641 669 2706 Graeciam
698 2645 731 2705 et
758 2641 800 2704 ob
827 2640 860 2704 id
882 2663 1060 2725 paucorum
1082 2661 1141 2725 pra-

181 2726 280 2789 mtate
316 2727 351 2790 in
384 2747 586 2790 communem
624 2725 799 2809 perniciem
831 2725 1081 2809 praecipitatum
1111 2723 1141 2787 iri

143 2814 385 2875 aetestarentur.
435 2810 520 2875 inter
548 2832 630 2894 quae
661 2813 728 2874 tam
762 2809 900 2874 sollicita
928 2831 1049 2896 magna
1078 2829 1141 2874 cura

181 2896 312 2978 plurimi
341 2917 379 2960 ex
408 2896 497 2960 omni
525 2894 636 2960 ordine
671 2894 764 2959 electi
797 2893 837 2957 ad
864 2895 1141 2960 contrahendam

182 2979 329 3043 finitimis
363 2980 549 3064 regionibus
584 2979 704 3044 auxilia
734 2979 775 3042 ab
803 2978 987 3044 Alexandro
1016 2979 1140 3060 aliisque

182 3064 329 3148 pessimis
351 3065 588 3129 consultoribus
605 3063 812 3129 dimIttuntur
833 3063 947 3147 hisque
970 3065 1140 3138 mandatur,

248 3291 264 3337 7
291 3289 417 3352 inspecto
454 3302 532 3337 crure
568 3287 733 3350 Vindenates,
774 3285 882 3341 infecta
916 3301 981 3336 cura
1018 3287 1139 3337 Wasceua

181 3359 311 3418 suscepta
340 3371 406 3404 cura
434 3354 606 3419 Wopkenaiuc
694 3355 724 3402 11
753 3354 844 3404 tenire
869 3351 1036 3419 Glaucepit
1060 3355 1082 3406 G
1102 3365 1138 3400 ee·

181 3421 223 3486 pit
240 3421 266 3470 B
336 3424 367 3470 12
386 3423 574 3486 oportunitate
594 3420 641 3471 GB
709 3423 742 3472 23
761 3421 893 3472 sestis&
928 3421 1006 3471 scitis
1025 3422 1051 3472 B
1087 3419 1138 3479 Scy·

181 3488 238 3538 this
255 3488 391 3538 Mercerus
442 3491 475 3538 29
493 3488 642 3554 perattiem
660 3487 682 3537 G
697 3485 701 3550 Ι
717 3488 932 3553 prueoIpitatam
950 3489 1005 3540 uiri
1025 3486 1057 3540 θ’
1082 3499 1138 3538 cort

182 3558 207 3608 2.
226 3571 259 3604 m.
