2416 3944
181 191 221 255 15
488 185 619 241 urcrrs
638 185 841 238 onerarere

181 343 241 405 bus
264 339 303 404 ad
319 337 492 403 exereitum
507 337 642 419 revenit,
664 341 761 420 atque
776 357 815 400 ex
837 336 1004 420 inproviso
1028 339 1069 403 in
1083 340 1149 404 luoo

182 425 306 490 Dianae
329 444 401 487 oum
423 421 550 506 virgine
571 421 778 503 conspicitur.
815 420 887 504 quis
908 422 1056 506 cognitis
1070 427 1149 510 Aga·

179 528 332 573 memnon
364 506 531 572 affectione
565 509 717 588 paternae
744 505 875 588 pietatis
901 511 1012 570 motus
1041 529 1089 572 an
1115 531 1149 572 ne

180 599 247 658 tam
274 591 399 656 inlicito
427 589 659 655 immolationis
687 589 799 654 seeleri
826 590 1012 675 interesset,
1041 592 1150 677 fugam

158 681 291 762 eperat:
318 697 453 758 eumque
480 695 515 738 re
543 674 676 755 counita
701 673 836 757 Nestor,
863 675 998 760 longam
1021 697 1149 742 exorsus

180 762 374 841 orationem,
407 758 447 824 ad
474 763 673 842 postremum
706 759 921 841 persuadendi
954 763 1150 846 genere,in

181 867 246 930 quo
260 849 387 930 praeter
401 847 524 910 eeteros
539 842 693 908 Graeciae
707 843 795 940 viros
814 844 973 908 iucundus
988 851 1149 929 aceeptus·

182 952 244 1014 que
267 933 355 1078 iilis.
374 927 825 1109 alpssrprpgsipprfflbfflpm
846 1015 880 1076 et
894 1011 1068 1078 Menelaus
1083 1035 1149 1078 oum

144 1120 169 1160 ιο
182 1097 367 1179 Calchante,
390 1097 506 1193 quibua
527 1096 561 1160 rd
582 1100 749 1181 negotrum
771 1096 882 1160 datum
904 1102 991 1180 erat,
1021 1099 1150 1162 remotis

203 1181 293 1247 roeul
321 1180 470 1246 omnibus
496 1180 652 1246 saerifioio
680 1179 854 1245 adornant:
883 1201 956 1245 eum
984 1201 1062 1247 eeoe
1089 1183 1149 1245 dies

180 1205 304 1332 foedari
330 1269 363 1329 et
390 1265 513 1330 eaelum
541 1264 653 1329 nubilo
681 1265 748 1350 tegi
769 1265 892 1348 eoepit:
920 1265 997 1330 dein
1020 1271 1148 1352 repente

180 1353 334 1434 tonitrua,
356 1370 488 1416 corusca
508 1348 645 1413 fulmina
672 1352 706 1412 et
726 1353 892 1432 praeterea
912 1355 1021 1414 terrae
1043 1351 1149 1416 maris·

181 1457 243 1519 que
271 1437 386 1520 ingens
415 1431 523 1498 motus
550 1437 647 1517 atque
677 1431 718 1497 ad
738 1437 937 1516 postremum
959 1435 1148 1501 confusione

144 1539 168 1582 15
181 1520 263 1583 aeris
292 1522 437 1600 ereptum
465 1518 584 1582 lumen.
633 1537 737 1602 neque
765 1518 869 1582 multo
897 1523 974 1602 post
997 1521 1147 1584 imbrium

181 1607 277 1685 atque
298 1601 464 1686 grandinis
486 1601 535 1664 vis
557 1623 676 1686 magna
697 1603 916 1686 praecipitata.
959 1603 1049 1668 iuter
1071 1625 1146 1688 quae

180 1692 248 1751 tam
277 1689 381 1750 taetra
402 1684 492 1748 nulla
518 1686 629 1768 requie
655 1687 855 1769 tempestatis
882 1684 1053 1753 Menelaus
1081 1710 1146 1753 eum

107 1781 113 1793 ’
181 1771 247 1852 his,
276 1772 332 1854 qui
361 1769 552 1834 sacrificium
579 1771 749 1853 curabant,
776 1775 865 1836 metu
893 1777 991 1856 atque
1013 1773 1147 1838 haesita·

180 1855 270 1920 tione
286 1855 428 1918 diversus
450 1854 619 1938 agebaturz
640 1857 754 1920 terreri
774 1857 893 1940 quippe
914 1857 1022 1940 primo
1046 1859 1146 1923 subita

143 1939 262 2004 aooaeli
289 1939 526 2023 permutatione
555 1937 651 2022 idque
680 1941 808 2024 siguum
837 1941 983 2006 divinum
1013 1943 1146 2020 erodere,

182 2024 273 2108 dein,
302 2046 344 2089 ne
375 2023 541 2108 inceptum
575 2024 751 2107 omitteret,
786 2023 981 2089 detrimento
1008 2027 1145 2090 militnm

182 2109 387 2175 commoveri.
425 2111 436 2173 i
463 2111 525 2173 ‘tur
547 2106 632 2172 iuter
653 2112 776 2172 tantam
799 2108 899 2173 animi
914 2107 1146 2176 dubitationem

182 2216 245 2258 vox
267 2193 432 2276 quaedam-
457 2213 517 2257 uoo
532 2192 661 2256 emissa:
685 2193 849 2275 aspernari
864 2213 985 2258 numen
1002 2194 1145 2260 sacrificii

182 2296 284 2361 genus
307 2281 340 2340 et
361 2278 403 2341 ob
418 2275 452 2339 id
465 2277 691 2341 abstinendum
706 2299 725 2341 a
740 2297 873 2360 corpore
888 2278 1036 2364 virgime,
1060 2280 1146 2344 mise-

145 2378 171 2418 aa
183 2360 247 2424 reri
268 2380 409 2443 namque
431 2361 499 2424 eius
522 2359 629 2424 deam:
652 2365 794 2426 aeterum
808 2383 868 2445 pro
889 2365 982 2426 tanto
1006 2363 1146 2428 faoinore

183 2445 261 2510 satis
287 2465 466 2528 poenarum
487 2446 726 2530 Agamemnoni
753 2447 794 2511 ab
822 2447 958 2531 coniuge
984 2448 1057 2512 eius
1079 2450 1147 2532 post

183 2529 356 2594 Troianam
370 2530 538 2594 victoriam
553 2534 763 2613 conparatum
783 2533 834 2595 iri.
872 2531 981 2616 itaque
998 2534 1148 2598 curarent

182 2614 224 2698 id,
248 2613 334 2697 quod
355 2614 391 2677 in
412 2614 515 2678 vieem
529 2613 665 2699 virginis
686 2616 830 2680 oblatum
846 2615 1145 2696 animadverterent,

183 2697 358 2763 immolare.
403 2698 477 2762 dein
505 2719 638 2781 coepere
666 2701 754 2764 venti
782 2703 878 2783 atque
906 2699 1047 2765 fulmina
1077 2702 1147 2766 alia·

145 2801 170 2842 eo
183 2805 260 2868 que,
289 2803 370 2866 quae
398 2783 431 2846 in
461 2802 579 2867 magno
607 2784 688 2847 oaeli
715 2789 805 2849 motu
828 2783 905 2848 oriri
927 2785 1049 2868 solent,
1078 2807 1148 2851 eou-

182 2888 356 2935 senescere.

267 2953 371 3018 XXII.
416 2952 573 3028 Sedeum
594 2947 674 3018 haee
696 2953 731 3017 in
760 2952 833 3018 luoo
855 2956 1013 3037 aguntur,
1036 2953 1146 3019 Aehil·

183 3036 229 3101 les
250 3036 374 3100 litteras
402 3058 546 3102 seorsum
571 3037 684 3102 missas
711 3037 772 3102 sibi
800 3059 819 3101 a
841 3035 1054 3120 Clytemestra
1078 3058 1147 3103 oum

183 3123 253 3185 auri
275 3139 393 3206 magno
415 3121 556 3203 pondere
578 3121 709 3205 aceepit,
731 3121 853 3205 inquis
876 3121 906 3185 ei
926 3120 1028 3185 filiam
1050 3127 1147 3206 atque

249 3328 397 3393 boumque
422 3325 470 3378 eB
505 3341 566 3378 eum
588 3327 629 3376 ed.
652 3325 735 3376 Mero.
758 3333 784 3376 et
807 3325 866 3378 Otr.
890 3325 1051 3376 Dedem'otae
1076 3341 1146 3376 eum-

184 3409 235 3459 que
304 3395 528 3459 'taoeeptusque
545 3394 571 3442 B
605 3393 780 3458 aceeptusG
847 3392 1006 3444 Seohibuit
1022 3393 1050 3442 P
1118 3394 1145 3443 11

184 3457 350 3512 sacrificium
368 3458 400 3509 0¹
470 3463 501 3514 1³
520 3475 569 3525 per
587 3475 621 3510 ea
641 3459 662 3509 G
679 3460 792 3512 corrup.
862 3461 896 3510 27
913 3459 949 3508 iri
967 3475 982 3508 e
1000 3462 1147 3510 coniectura

185 3525 275 3575 addidi
330 3526 364 3575 34
381 3539 450 3575 aura
469 3525 501 3576 ⁶²
832 3535 834 3540 ’
