2414 3946
170 197 213 261 32
407 211 540 258 ors-nm
562 211 692 257 urrani
716 208 791 256 one.
807 209 893 256 xvrr.

173 351 337 411 diutissime
352 350 471 409 vixisset
486 348 533 410 die
549 349 652 409 mortis
667 367 738 408 suae
752 347 840 424 primi
861 346 970 407 saeculi
987 346 1146 408 modulum

172 436 272 503 sruire,
292 451 386 512 eoque
401 433 448 494 die
464 434 514 511 qui
529 440 628 494 essent
641 431 747 510 reliqui
761 433 792 492 in
808 433 936 504 civitate,
959 431 996 491 (le
1012 431 1062 492 his
1077 450 1147 492 rur·

172 537 237 581 sum
253 521 317 580 eius
332 525 468 588 mortem,
485 519 536 596 qui
552 516 752 594 longissimam
769 518 878 592 egisset
893 522 1037 585 aetatem,
1053 516 1147 578 finem

173 623 238 666 esse
265 603 372 664 saeculi
399 603 531 663 secundi.
577 603 621 661 sie
645 601 787 677 deinceps
813 607 930 680 tempus
955 597 1146 678 reliquorum

169 677 336 749 'terminari
361 687 411 746 sed
429 703 462 746 ea
474 685 553 764 quod
569 686 742 762 ignorarent
753 683 898 753 homines,
915 690 1055 761 portenta
1068 687 1147 746 mitti
1162 697 1174 742 5

173 773 327 840 divinitus,
356 769 463 850 quibus
479 771 709 830 admonerentur
725 786 817 829 uuum
834 767 974 846 quodque
989 769 1146 830 saeculum

140 867 240 919 cesse
263 857 387 916 linitum.
432 855 505 916 haec
532 860 670 933 portenta
693 854 810 914 Etrusci
831 869 885 928 pro
908 852 1073 930 haruspioii
1103 855 1146 914 di·

173 939 375 1019 sciplinaeque
400 957 470 1000 suae
496 939 600 1016 peritia
627 937 782 1015 diligenter
810 936 964 998 observata
991 938 1025 996 iu
1051 937 1147 999 libros

173 1024 361 1084 rettulerunt.
394 1041 486 1101 quare
501 1025 531 1083 in
548 1023 653 1083 Tuscis
668 1022 808 1090 historiis,
825 1039 900 1099 quae
915 1029 1022 1100 octavo
1040 1041 1146 1082 eorum

173 1107 291 1188 saeculo
307 1109 435 1187 scriptae
451 1115 534 1175 sunt,
558 1114 591 1167 ut
606 1108 699 1167 Varro
715 1112 853 1174 testatur,
877 1112 906 1166 et
921 1112 995 1184 quot
1016 1124 1146 1168 numero
1163 1117 1185 1163 to

173 1192 291 1254 saecula
312 1193 338 1252 ei
354 1193 435 1269 genti
450 1193 516 1252 data
537 1193 597 1252 siut
618 1198 647 1252 et
662 1197 879 1252 transactorum
900 1189 1017 1267 singula
1035 1199 1146 1268 quanta

174 1279 283 1339 luerint
303 1277 447 1357 quibusve
462 1277 584 1337 ostentis
599 1293 701 1336 eorum
719 1277 816 1337 exitus
831 1275 975 1352 designati
990 1275 1054 1334 siut
1074 1295 1147 1336 eon·

173 1365 292 1424 tinetur.
329 1363 427 1440 itaque
448 1363 591 1439 seriptum
614 1369 659 1421 est
679 1369 818 1439 quattuor
839 1359 934 1437 prima
955 1360 1078 1422 saecula
1096 1380 1146 1422 au·

174 1465 281 1508 norum
304 1446 393 1508 luisse
414 1453 587 1516 centenum,
617 1447 752 1523 quintum
774 1453 893 1506 centum
915 1444 1019 1521 viginti
1041 1448 1146 1514 trium,

174 1539 289 1592 sextum
311 1530 493 1608 undeviginti
508 1539 538 1592 et
552 1537 686 1598 centum,
717 1531 875 1608 septimum
891 1527 1031 1602 totidem,
1065 1541 1184 1592 octa-15

175 1633 243 1675 vum
258 1622 321 1674 tum
337 1614 455 1675 demum
471 1616 533 1692 agi,
550 1632 662 1675 nonum
678 1622 707 1674 et
721 1614 869 1675 decimum
885 1630 1065 1692 superesse,
1082 1618 1147 1695 qui·

174 1700 231 1760 bus
246 1700 404 1760 transactis
419 1700 507 1760 linem
523 1699 589 1760 lore
604 1698 730 1759 nominis
745 1698 873 1760 Etrusci.

140 1792 156 1840 t
238 1783 440 1844 Romanorum
461 1791 559 1844 autem
575 1781 690 1845 saecula
706 1783 824 1861 quidam
841 1782 919 1843 ludis
941 1781 1149 1844 saecularibus

110 1878 115 1886 '
173 1876 277 1949 putant
305 1869 460 1947 distingui:
491 1870 539 1929 eui
559 1869 602 1929 rei
624 1867 696 1928 tides
721 1868 746 1926 si
766 1875 846 1929 certa
867 1873 925 1936 est,
956 1866 1069 1928 modus
1088 1869 1148 1929 llo·

174 1956 253 2016 mani
279 1952 389 2014 saeculi
419 1960 464 2014 est
488 1954 626 2014 incertus.
672 1960 841 2031 temporum
868 1952 948 2012 enim
977 1952 1146 2023 intervalla,
1163 1961 1186 2008 ut

174 2039 282 2119 quibus
300 2037 362 2100 ludi
377 2039 424 2099 isti
439 2037 566 2098 debeant
580 2037 703 2104 reterri,
726 2054 786 2097 non
802 2037 891 2098 modo
907 2044 1018 2114 quante
1034 2037 1149 2099 luerint
1197 2059 1198 2068 ¹

175 2134 255 2185 retro
275 2125 443 2200 ignoratur,
466 2122 518 2183 sed
534 2141 572 2183 ne
594 2129 702 2200 quanta
719 2121 836 2199 quidem
858 2139 924 2182 esse
940 2120 1075 2182 debeant
1089 2125 1147 2184 soi-

140 2217 157 2265 8
175 2217 232 2270 tur.
268 2226 335 2268 nam
352 2209 391 2267 ita
412 2209 575 2268 institutum
599 2223 678 2276 esse,
701 2214 733 2266 ut
748 2207 910 2268 centesimo
926 2222 1052 2284 quoque
1069 2225 1147 2268 anno

174 2293 293 2361 fierent,
309 2291 337 2351 id
354 2310 421 2352 oum
435 2293 537 2352 Antias
552 2290 660 2368 aliique
677 2291 809 2351 historici
825 2297 962 2351 auctores
977 2300 1066 2362 suut,
1083 2300 1146 2352 turn

174 2375 267 2436 Varro
297 2376 333 2436 de
355 2376 496 2437 scaenicis
523 2374 687 2452 originibus
712 2373 789 2435 libro
812 2377 910 2454 primo
931 2375 970 2434 ita
997 2379 1146 2455 scriptum
1162 2385 1185 2431 to

174 2461 307 2537 reliquit:
338 2479 415 2520 cum
437 2458 551 2520 multa
573 2466 748 2538 portenta
772 2460 927 2529 liereut,
957 2465 993 2520 et
1016 2477 1147 2522 murus

175 2563 214 2606 ac
241 2545 376 2613 turris,
411 2563 507 2624 quae
534 2550 618 2605 sunt
650 2545 749 2605 inter
777 2553 921 2624 portam
954 2541 1144 2606 Collinam
1197 2619 1198 2628 ἵ

175 2638 210 2691 et
233 2627 480 2706 Esquilinam,
510 2629 553 2690 de
575 2628 678 2690 eaelo
701 2636 803 2690 taeta
830 2635 969 2698 esseut,
1000 2636 1034 2688 et
1059 2630 1145 2691 ideo
1197 2639 1198 2644 ’

174 2827 376 2836 --—-—-

242 2955 266 3002 7.
287 2953 420 3018 aruspicii
442 2951 469 3000 V
517 2950 686 3016 orscapmuae
699 2963 771 3012 quae
784 2951 809 2999 D
877 2953 901 3000 9.
922 2964 1146 3001 nerruouesuur

173 3022 207 3083 D,
226 3019 381 3070 retulerunt
396 3019 423 3069 V
490 3020 530 3070 10.
549 3019 713 3069 utdinras.
767 3015 920 3081 erquobD
990 3020 1031 3068 11.
1050 3021 1145 3069 truns-

174 3092 298 3138 ectarum
311 3087 362 3156 lV,
385 3103 453 3138 corr.
472 3103 503 3136 m.
523 3090 539 3136 2
610 3087 649 3136 ta.
672 3098 858 3135 *eourtuerus
875 3086 913 3147 D,
939 3086 1103 3136 continetur
1120 3089 1145 3137 d.

172 3157 231 3206 item
248 3155 279 3214 V,
298 3157 324 3205 iu
337 3170 386 3220 quo
398 3155 488 3204 ntiuet
501 3157 516 3202 1
528 3170 559 3205 m.
573 3155 599 3203 in
610 3169 663 3204 ras.
735 3154 775 3203 14.
788 3154 916 3204 censesti
926 3153 979 3216 fuit
990 3155 1017 3204 in
1028 3154 1064 3216 D,
1079 3171 1145 3204 nuni·

170 3231 231 3288 poet
254 3235 326 3273 cerr
349 3227 389 3273 eat
405 3238 500 3273 rasura
517 3224 593 3272 irim
609 3223 751 3271 litterarum
775 3227 802 3270 et
817 3236 863 3272 um
885 3235 1031 3286 euperem,
1064 3225 1144 3273 tertio

173 3297 256 3340 amem
279 3294 334 3341 loco
352 3297 484 3354 comparet
504 3292 579 3340 etiam
597 3305 662 3340 nunc
679 3290 769 3338 duetus
790 3295 952 3340 transversim
970 3291 1014 3355 qui
1029 3288 1086 3351 fult
1103 3305 1145 3340 su-

170 3371 222 3419 per
239 3371 271 3417 ης
296 3359 379 3408 centio
401 3358 427 3406 V
494 3354 849 3422 quincum(iniuras.)1)
919 3358 959 3408 15.
978 3357 1145 3408 unumdevi-

174 3422 244 3485 giuti
262 3423 312 3471 uV
376 3426 418 3476 22.
438 3424 540 3474 debeat
562 3425 590 3472 V
592 3423 613 3487 ¹,
632 3439 701 3476 corr.
720 3439 750 3471 m.
769 3427 785 3473 2
855 3426 896 3476 25.
916 3423 1037 3474 scenicis
1062 3426 1089 3472 V

172 3488 215 3536 26.
232 3502 323 3537 muros
345 3491 369 3537 V
436 3493 477 3542 28.
494 3496 585 3541 traete
606 3491 634 3538 V
