2424 3938
154 215 198 282 50
482 214 813 272 nrnnrrsrneren

153 360 189 424 in
211 359 289 424 aede
311 358 476 424 Minervae
500 359 671 424 occultant
711 363 783 425 tota
804 363 899 427 noete
922 383 991 426 non
1014 368 1140 428 cessant

153 448 267 534 Argivi
290 447 455 512 devastare
478 448 677 534 praedasque
697 448 813 513 ¹faeere.

242 535 342 602 XLII.
387 535 564 621 Postquam
583 536 651 601 dies
669 537 799 620 inluxit,
821 535 1049 622 Agamemnon
1070 540 1138 603 uni-

153 645 263 690 versos
295 624 391 690 duoes
427 625 463 688 in
498 644 570 688 arae
602 629 776 709 convocat,
811 626 872 690 diis
907 627 1030 712 gratias
1063 629 1136 712 agit,

128 713 329 778 aexeroitum
351 712 532 792 conlaudat,
552 734 681 778 omnem
701 715 853 797 praedam
876 715 968 780 iubet
984 715 1020 779 in
1034 717 1137 780 medio

154 801 388 886 reponendam,
411 824 508 886 quam
531 823 604 868 oum
628 803 777 867 omnibus
799 803 938 886 partitus
959 808 1010 868 est
1033 805 1137 868 simul-

155 912 216 975 que
236 891 375 956 oonaulit
390 891 577 974 exereitum,
592 913 634 954 an
647 892 774 975 placeat
787 893 946 957 Antenori
965 896 998 955 et
1010 891 1134 956 Aeneae

155 983 188 1044 et
200 978 252 1044 his
267 979 322 1064 qui
336 1001 402 1044 una
415 979 553 1063 patriam
567 979 776 1063 prodiderint,
789 981 884 1046 fidem
898 981 1029 1045 servari.
1053 975 1134 1044 exer-

155 1068 237 1132 citus
255 1071 344 1132 totus
365 1068 546 1132 oonolamat
567 1068 693 1152 plaeere
711 1068 782 1133 sibi.
822 1069 932 1154 itaque
955 1069 1135 1133 convocatis

114 1156 302 1220 nomnibus
335 1178 393 1222 sua
430 1157 538 1220 omnia
573 1157 686 1220 reddit.
740 1157 888 1222 Antendr
925 1161 1022 1242 rogat
1052 1157 1133 1241 Aga·

153 1263 370 1328 memnonem,
394 1249 429 1310 ut
450 1245 512 1309 sibi
532 1245 621 1330 loqui
644 1245 754 1309 liceat:
781 1244 1010 1331 Agamemnon
1035 1246 1133 1309 dicere

152 1333 250 1398 iubet.
307 1333 466 1418 principio
501 1335 651 1398 omnibus
683 1332 876 1418 Graiugenis
913 1335 1037 1419 gratias
1069 1334 1119 1417 agi

153 1421 311 1506 simulque
361 1425 593 1487 commemorat
636 1420 797 1487 Helenum
843 1427 876 1486 et
920 1422 1130 1488 Cassandram

151 1531 264 1592 paoem
301 1532 427 1593 semper
463 1511 549 1594 patri
586 1511 738 1594 suasisse,
781 1511 1006 1595 Achillemque
1044 1532 1133 1574 suasu

113 1617 137 1656 15
152 1597 269 1662 Heleni
297 1600 478 1682 sepulturae
506 1597 666 1663 redditum
693 1599 801 1664 fuisse.
845 1599 1076 1684 Agamemnon
1099 1619 1132 1660 ex

152 1687 278 1750 consilii
310 1687 471 1751 sententia
501 1685 626 1752 Heleno
659 1691 692 1751 et
722 1686 922 1754 Cassandrae
954 1687 1131 1752 libertatem

151 1773 263 1839 reddit.
307 1774 452 1840 Helenus
482 1797 541 1859 pro
571 1775 706 1840 Hecuba
737 1780 770 1840 et
795 1775 1026 1841 Andromacha
1053 1775 1130 1859 Age-

151 1885 355 1929 memnonem
387 1865 576 1948 depreeatur
612 1868 904 1949 commemoratque
938 1885 1066 1947 semper
1096 1863 1131 1926 ab

150 1951 201 2017 his
229 1975 298 2018 esse
326 1953 485 2017 dilectum.
536 1953 633 2016 etiam
665 1952 716 2017 his
751 1974 790 2017 ex
818 1952 944 2018 consilii
978 1951 1132 2016 sententia

110 2060 136 2098 20
150 2041 282 2106 libertas
305 2062 457 2106 concessa
479 2044 537 2106 est.
573 2041 697 2105 interea
718 2042 873 2125 praedam
897 2062 1029 2106 omnem
1053 2061 1130 2104 exer·
1186 2115 1187 2120 ἵ

221 2284 446 2354 2praedamque
464 2283 492 2338 R
512 2287 516 2352 Ι
537 2285 685 2355 exportare
707 2285 733 2339 G
809 2283 904 2339 adies
929 2299 980 2339 om.
1003 2285 1029 2340 G
1045 2284 1131 2351 {luxit

149 2354 176 2407 L
210 2354 306 2408 illuxit
322 2354 362 2408 L'
378 2357 382 2422 Ι
399 2353 544 2409 omnesG
615 2362 715 2410 4aroe
733 2355 876 2410 Mineruae
900 2354 1005 2425 Glait
1023 2357 1050 2410 G
1116 2359 1129 2407 ὁ

149 2427 180 2478 in
207 2425 330 2479 medium
354 2425 380 2481 G
458 2425 687 2494 6reponendam
710 2443 795 2494 quem
817 2443 881 2480 oum
903 2426 930 2478 L
973 2425 1072 2480 referri
1094 2424 1130 2478 ait
1185 2465 1186 2494 ,

150 2511 179 2549 se
202 2496 308 2566 pariter
334 2512 398 2550 cum
422 2496 448 2551 G
472 2500 476 2564 l
498 2497 671 2566 partiturum
698 2496 823 2564 satisque
843 2496 985 2550 facturum
1014 2497 1040 2550 G
1116 2499 1129 2546 7

150 2567 289 2636 simulque
308 2581 358 2620 om.
378 2567 404 2621 G
420 2570 423 2635 Ι
440 2569 469 2622 et
486 2583 537 2622 om.
556 2567 583 2621 G
651 2569 715 2622 aer
733 2567 777 2621 his
795 2572 895 2621 etune
913 2583 963 2620 om.
981 2567 1028 2634 L!
1045 2564 1131 2636 prodi·

73 2697 79 2709 ‚
150 2637 250 2692 derant
264 2636 290 2692 G
306 2639 310 2706 Ι
327 2637 402 2706 quod
420 2637 476 2707 ipsi
494 2637 623 2692 ductores
642 2637 673 2692 in
690 2637 875 2691 clamdestino
899 2637 1131 2691 confirmauerunt

150 2709 213 2763 odd.
234 2708 260 2762 G
278 2713 341 2762 orate
359 2708 443 2764 fidem
461 2708 568 2763 seruari
631 2715 647 2764 9
667 2707 721 2763 sibi
738 2709 765 2762 L
782 2709 814 2761 ia
827 2723 913 2777 moro.
934 2708 938 2777 Ι
960 2707 1128 2764 conuocatis·

150 2850 204 2900 que
224 2831 353 2900 omnibus
378 2831 510 2890 uniuersa
533 2848 606 2901 quae
630 2849 681 2887 sua
700 2833 781 2886 erant
799 2791 981 2886 reddiderint
1003 2832 1030 2884 L
1102 2835 1130 2883 11

150 2904 241 2958 dicere
261 2903 287 2958 G
307 2905 311 2972 Ι
331 2903 444 2973 placeat
470 2903 496 2955 L
575 2909 607 2956 12
635 2921 676 2973 pr.
702 2905 820 2958 antenor
843 2920 884 2973 gr.
904 2901 974 2972 grai.
994 2918 1069 2957 omn.
1089 2900 1128 2972 Gt

148 2973 326 3114 erlltt
375 2972 857 3115 ulterutram
872 3074 904 3082 -.
917 2979 1131 3114 errae:

149 3120 228 3172 turae
260 3085 341 3170 reddi
355 3063 502 3170 phelenum
529 3114 653 3170 effecisse
681 3118 711 3169 et
738 3114 833 3169 omnia
858 3113 992 3168 helenum
1015 3113 1131 3169 seireG
1183 3133 1184 3146 ¹

151 3195 183 3242 1e
207 3187 323 3242 oonsilio
343 3185 498 3242 sententiae
522 3185 548 3240 a
627 3192 660 3240 ιτ
678 3185 802 3240 reserere
823 3185 868 3267 a!
884 3183 986 3238 lerona
1005 3184 1058 3252 rr
1079 3184 1128 3238 he.

149 3255 912 3396 1'0retardarenturtt?·tell?
929 3255 1129 3393 (amelli

149 3344 183 3448 ll)
208 3397 343 3450 dilectum
364 3397 395 3449 F
413 3397 417 3465 Ι
438 3397 697 3467 etiam-interea]
716 3399 909 3468 Agamemnon
930 3396 967 3450 ad
986 3396 1128 3452 eonsilium

149 3463 244 3516 refert.
280 3465 389 3533 placuit
406 3465 463 3520 illis
481 3466 643 3522 libertatem
660 3467 741 3522 reddi
759 3484 865 3537 suaque
886 3467 982 3522 omnia
1000 3468 1028 3522 G
1096 3471 1127 3518 20

150 3532 285 3585 exercitui
303 3548 354 3586 om.
373 3535 408 3588 G.
