2460 3940
356 185 470 236 asam
488 183 638 237 raomur
655 185 726 237 ma.
746 186 792 237 1v.
1019 187 1060 253 83

92 335 178 399 forat
205 355 243 398 ao
273 334 339 398 iam
366 333 403 398 fu
426 334 545 399 ientcm
577 336 674 400 tertio
709 341 898 402 consecutus
927 338 1059 404 vulnere

92 441 151 503 per
173 423 345 503 utrumque
366 356 480 502 peiem
502 419 611 484 traicit
625 419 862 518 fatigatumque
884 421 924 487 ad
938 427 1060 506 postre-

93 527 183 568 mum
216 503 384 586 interficit,
418 504 537 588 quippe
564 503 713 569 Hercuhs
746 510 888 591 armatus
922 509 1059 592 sagittis,

96 609 178 688 quae
200 589 339 656 infectae
354 588 484 673 Hydrae
499 590 656 674 sanguine
671 589 757 654 haud
780 591 849 655 sine
872 591 970 656 exitio
992 614 1060 657 cor·
1112 628 1114 636 ‚

91 695 166 757 pon
178 673 389 856 {1}chqu
410 758 466 822 ubi
488 758 756 857 animadvertere·
770 760 913 845 barbari,
941 694 1085 847 magna5

92 865 126 907 vr
149 846 287 926 mount,
310 864 433 927 errpere
448 843 667 908 Alexandrum
684 848 864 928 cuprentes:
886 845 1059 930 multisque

93 949 228 992 suorum
249 927 428 992 interfectis
447 950 466 992 a
481 927 662 993 Philocteta
677 929 846 1014 negotium
859 934 968 995 tamen
989 952 1059 1014 per-

91 1015 212 1097 agunt,
252 1015 348 1097 atque
380 1011 416 1076 in
455 1012 618 1078 civitatem
651 1017 828 1097 reportant.
879 1018 949 1079 turn
977 1015 1060 1079 Aiax

91 1097 301 1162 Telamonius
334 1097 496 1162 insecutus
528 1096 564 1162 fu
591 1097 690 1162 'entes
724 1099 764 1164 ad
796 1121 897 1183 usque
933 1103 1059 1182 portam
1072 1117 1097 1158 ro

91 1181 209 1267 pergit.
253 1181 299 1245 ibi
328 1203 419 1246 caesa
440 1182 489 1247 vis
512 1203 568 1246 mu
581 1186 614 1247 ta
636 1183 786 1266 hostium,
810 1205 883 1248 cum
904 1183 1060 1248 festinan·

93 1267 180 1356 tibus
202 1265 288 1330 inter
310 1288 343 1330 sc
373 1272 405 1331 et
433 1267 568 1352 singulis
597 1267 730 1332 evadere
758 1269 843 1331 inter
864 1268 986 1352 primos
1008 1289 1059 1332 cu-

93 1351 258 1436 pientibus
279 1351 382 1435 magis
411 1352 446 1414 in
469 1351 539 1435 ipso
562 1351 651 1416 aditu
672 1352 880 1417 multitudine
903 1375 960 1416 sua
982 1352 1060 1416 deti-

93 1438 258 1500 nerentur.
296 1436 427 1501 interim
440 1436 536 1500 multi
558 1457 678 1516 eorum,
695 1432 750 1520 qui
764 1437 861 1519 primi
883 1441 1059 1521 evaserant,

94 1542 191 1605 super
217 1542 327 1585 muros
349 1520 403 1585 siti
425 1520 560 1585 collecta
581 1519 723 1605 undique
746 1521 961 1586 cuiuscemodi
983 1544 1060 1586 saxa
1074 1539 1098 1580 15

94 1627 191 1689 super
212 1605 352 1688 clipeum
374 1605 482 1670 Aiacis
505 1604 661 1689 deiecere,
691 1610 941 1691 congestamque
964 1614 1061 1690 quam

92 1690 267 1774 plurimam
288 1693 407 1754 terram
429 1689 565 1774 desuper
585 1689 728 1774 volvere,
752 1691 873 1755 scilicet
893 1691 934 1755 ad
956 1691 1060 1775 depel-

93 1775 225 1840 lendum
246 1773 388 1839 hostem:
410 1797 483 1840 cum
505 1797 602 1859 supra
616 1774 747 1839 modum
768 1779 958 1861 gravaretur
973 1797 1061 1861 egre-

94 1860 167 1945 gius
196 1859 275 1942 dux,
309 1859 398 1923 facili
425 1862 515 1924 scuto
546 1858 708 1923 decutiens
741 1859 827 1923 haud
850 1860 980 1944 segnius
1002 1861 1060 1924 im-

92 1944 225 2008 minere.
263 1942 402 2027 denique
424 1943 606 2008 Philocteta
624 1965 688 2026 eos,
712 1943 768 2026 qui
790 1943 825 2007 in
839 1943 939 2008 muris
961 1944 1098 2009 locatim

94 2032 200 2111 erant,
231 2028 356 2092 eminus
392 2029 519 2112 sagittis
551 2027 721 2112 proturbat
748 2027 930 2110 multosque
962 2029 1060 2092 inter-

92 2113 169 2177 ficit.
224 2133 329 2195 neque
355 2134 453 2176 secus
486 2113 525 2176 ab
559 2111 691 2195 reliquis
724 2111 759 2174 in
791 2113 882 2195 parte
914 2111 978 2176 alia
1009 2135 1060 2178 res

92 2201 213 2283 gestae.
258 2201 354 2280 atque
383 2218 421 2261 eo
451 2196 502 2262 die
531 2197 636 2261 excisa
658 2217 831 2279 eversaque
852 2197 981 2261 moenia
1003 2197 1060 2262 ho-

92 2282 192 2346 stium
213 2282 338 2364 forent,
367 2281 403 2345 ui
431 2303 497 2347 nox
524 2281 588 2345 iam
617 2281 652 2345 in
693 2303 770 2346 nens
799 2283 927 2346 nostros
949 2283 990 2346 ab
1012 2282 1060 2347 in·

90 2365 607 2516 sartacionum
628 2389 660 2514 a
681 2367 1058 2516 saraca
1073 2383 1098 2424 2⁵

91 2558 146 2602 mc
169 2534 320 2600 fiduciam
347 2539 525 2620 gestantes,
553 2557 677 2599 summo
705 2534 816 2599 favore
845 2557 882 2600 ec
911 2535 1059 2601 laudibus

92 2621 209 2685 ducem
230 2620 403 2686 celebrant.
441 2621 497 2704 qui
520 2619 616 2683 simul
636 2641 709 2684 cum
731 2619 801 2684 luce
817 2619 975 2685 adiunctis
998 2621 1060 2685 sibi

91 2705 226 2790 reliquis
255 2704 388 2770 ducibus
416 2704 452 2769 in
480 2703 639 2789 proelium
668 2711 813 2788 egressus
840 2705 950 2770 hostes
971 2708 1059 2769 metu

91 2790 143 2854 sui
165 2789 245 2854 adeo
269 2789 436 2873 deterruit,
465 2794 503 2854 ut
523 2789 577 2853 vix
600 2811 633 2852 se
654 2789 823 2853 moenibus
845 2788 1057 2854 defensarent.
1071 2806 1096 2845 ³0

179 2873 267 2940 XXI.
322 2873 455 2939 Interim
494 2873 728 2957 Neoptolemus
771 2872 855 2957 apud
898 2874 1058 2937 tumulum

90 2958 241 3042 Achillis,
263 2961 435 3042 postquam
456 2959 492 3023 in
514 2961 676 3023 auctorem
691 2961 843 3041 paternae
866 2957 970 3022 caedis
990 2959 1058 3023 vin-

92 3042 236 3108 dicatum
259 3047 321 3126 est,
344 3043 474 3108 initium
496 3042 628 3129 lugendi
651 3043 758 3126 sumit,
781 3063 846 3106 una
868 3063 941 3107 cum
956 3042 1058 3109 Phoe-

160 3231 458 3286 XXI.XX11.Ma1a1.
479 3234 536 3282 141.
557 3233 613 3282 142.

160 3401 359 3466 4corporisG
428 3403 458 3451 11
477 3401 570 3466 pergit
590 3399 738 3465 &peragit
756 3399 782 3449 B
800 3399 911 3464 peregit
932 3399 958 3449 V
1027 3401 1059 3448 14

91 3472 245 3520 euaserunt
265 3467 300 3519 ⁶¹
376 3471 408 3518 16
426 3469 552 3519 deiecere
573 3467 619 3518 GB
655 3467 762 3517 deicere
780 3466 833 3517 PV
908 3467 940 3518 22
964 3465 1058 3529 aliqua

92 3535 143 3587 ΕΒ
178 3535 238 3588 alia
260 3537 359 3600 VPcf.
379 3535 758 3599 54‚1ccs,1cso‚277,8.

865 3619 904 3675 6*
