2414 3946
359 209 566 258 annonarum
589 209 663 258 car.
681 211 737 259 xv,
994 197 1035 260 73

62 351 178 412 Rursus
201 368 215 409 a
239 357 423 428 pentametro
446 356 478 410 ut
499 367 664 429 conponam
685 351 836 420 heroicos,
861 369 944 410 suino
967 369 1034 428 par·

62 442 122 494 tem
141 435 351 512 posteriorem,

218 519 292 580 Dum
309 536 394 578 naeus
410 518 530 578 adsiduo
546 517 643 579 luceat
657 520 726 598 igne
742 519 839 590 locun,

63 610 92 664 et
108 621 261 682 colmano,

28 693 44 741 5
172 688 283 748 Luceat
299 688 366 762 igne
382 685 467 747 locus
482 687 588 748 Troiae
605 689 655 764 qui
669 689 783 766 primus
798 687 834 749 ab
852 689 921 748 oris.

66 770 256 833 Phalaecium
272 790 445 840 numerum,
463 773 512 850 qui
528 779 572 832 est

267 854 339 917 Altis
353 855 472 916 ilumina
489 855 612 916 vallibus
628 863 810 927 tumescunt,

62 942 182 1002 insertis
199 939 297 1001 verbis
312 941 386 1000 laoio
402 940 570 1009 heroicum,

170 1024 243 1085 Altis
258 1023 378 1085 ssumina
394 1025 510 1102 prodita
526 1024 650 1086 vallibus
665 1025 734 1086 inde
749 1032 926 1087 tumescunt.

13 1116 44 1165 10
61 1111 181 1171 lonicus
198 1117 242 1170 est
613 1139 615 1147 s

216 1193 372 1254 Metuentis
388 1201 510 1271 patruae
526 1194 649 1256 verbera
666 1194 797 1272 linguae:

62 1279 190 1339 adiciam
205 1279 290 1338 trinis
307 1277 403 1339 verbis
418 1277 549 1356 singulas
565 1277 704 1359 syllabaS,

111 1363 199 1423 Nune
214 1364 371 1424 metuentis
388 1381 467 1423 nuno
483 1370 606 1441 patruae
622 1381 701 1424 nuno
717 1362 841 1424 verbera
857 1363 985 1442 linguae.

61 1457 145 1508 retro

12 1541 40 1588 15
151 1592 154 1598 ,
218 1530 329 1594 ltaliam
346 1533 405 1593 lato
422 1531 566 1610 prologus
581 1531 759 1610 Laviniaque
775 1534 869 1602 venit,

61 1619 108 1677 oui
126 1625 171 1676 est
186 1615 281 1676 simile

217 1701 343 1761 Patriam
360 1709 420 1761 tum
438 1702 583 1780 profugus
594 1701 763 1782 Lavinaque
779 1703 865 1780 cepit.

60 1783 289 1862 Aristoplranius
304 1785 335 1844 lit
351 1785 486 1845 lieroioo:

124 1871 214 1930 Arma
230 1871 384 1948 uirumque
402 1887 476 1930 oano
491 1869 597 1931 Troiae
613 1872 662 1948 qui
678 1873 792 1948 primus
808 1869 844 1930 ab
862 1873 936 1941 oria,

12 1963 42 2012 to
128 1953 216 2014 Nune
239 1972 320 2015 arma
342 1956 497 2033 virumque
519 1973 593 2015 cano
616 1973 696 2016 nuno
717 1956 823 2015 Troiae
851 1957 900 2034 qui
922 1956 1037 2033 primus

536 2037 571 2100 ab
588 2040 648 2098 oris
663 2056 751 2098 nuno.

60 2121 239 2200 angelicum
252 2120 360 2202 syllaba
377 2122 508 2184 breviata
520 2123 673 2184 heroicum
692 2142 756 2184 esse
769 2125 944 2192 monstravi;
962 2125 1034 2184 item

59 2208 239 2286 Priapeum,
256 2209 281 2267 si
297 2206 438 2286 syllabam
455 2207 617 2287 subripias,
634 2207 698 2268 lieri
714 2207 878 2269 heroicum.

131 2464 155 2510 1.
176 2460 209 2511 ab
227 2474 431 2526 pennamernos
450 2463 508 2512 DV
572 2463 597 2514 3.
624 2461 712 2512 Tibult.
731 2462 756 2524 l,
776 2465 834 2524 1‚o
903 2461 1035 2512 absabuus

57 2530 117 2579 DV
186 2531 210 2580 5.
235 2531 331 2580 rubiae
356 2528 394 2592 (oi
416 2533 441 2578 in
459 2527 526 2594 roa.)
550 2531 575 2578 D
644 2531 667 2582 6.
692 2529 854 2594 phanecrum
881 2531 917 2592 Ι),
945 2530 1034 2580 saleu-

58 2598 129 2646 lium
159 2597 186 2646 V
252 2599 274 2647 7.
304 2610 454 2647 uerissima
478 2609 607 2646 nnumana
630 2597 685 2647 DV
712 2593 797 2660 (recte
819 2605 901 2648 autem
927 2605 1036 2664 uterque

57 2681 95 2714 us.
115 2662 142 2728 9)
215 2667 255 2713 11.
279 2665 347 2715 Hor.
367 2681 444 2714 carm.
468 2665 531 2726 III,
553 2667 595 2728 12,
615 2669 631 2714 2
701 2666 741 2714 12.
764 2671 823 2728 post
846 2665 964 2715 adiciam
989 2667 1034 2715 de·

56 2733 123 2783 sinit
140 2733 166 2780 D
187 2731 234 2794 sol.
253 2730 319 2782 262¹>
337 2739 406 2785 extr.
431 2731 542 2794 (cunstat
559 2735 644 2783 codex
662 2749 697 2783 ex
714 2731 845 2782 XXXIV
860 2736 1032 2798 quaternioni-

57 2802 121 2857 bura
139 2801 188 2849 red
205 2800 276 2850 buius
293 2802 372 2850 ultimi
390 2802 563 2866 quaternionis
582 2803 633 2850 trio
650 2807 745 2850 tontum
761 2800 827 2864 folio
843 2807 947 2850 servato
964 2799 1035 2862 aunt)

131 2867 221 2916 trinae
244 2869 271 2918 V
331 2868 448 2932 singulis
470 2869 497 2918 V
564 2870 604 2920 13.
621 2870 775 2917 metuentes
798 2869 822 2917 V
891 2868 931 2918 15.
955 2869 1033 2931 Vero.

55 2937 128 2986 Aen.
148 2934 210 2998 J,a
262 2934 412 2999 lauinoque
434 2937 458 2985 V
477 2935 556 2998 (cons.
571 2953 598 3000 p.
613 2938 652 2994 68,
671 2934 698 2998 8)
770 2936 810 2986 17.
828 2935 948 2998 vinoque
967 2937 1033 2986 coni.

57 3004 174 3060 labana,
196 3017 336 3068 regnaque
357 3003 480 3054 Christian
550 3017 646 3068 coeptu
669 3004 730 3062 DV,
754 3018 821 3053 corr.
843 3003 967 3054 Obriotiua

55 3075 100 3122 20.
122 3085 199 3120 nuno
215 3078 276 3134 poet
292 3071 394 3121 Troiae
413 3073 526 3122 additum
542 3087 559 3120 a
576 3072 660 3122 labae
679 3079 704 3120 et
723 3071 833 3122 Caristia
856 3077 915 3120 onte
934 3071 1035 3122 Troiae

50 3141 146 3205 paruit
171 3139 287 3188 Halmius
356 3141 397 3189 21.
427 3154 498 3190 nuno
521 3138 621 3189 delebat
644 3139 741 3190 Iabuua
810 3140 850 3189 22.
877 3139 1035 3204 angelicum

55 3207 174 3272 syllaba
196 3207 224 3256 V
237 3207 263 3256 io
281 3222 334 3256 roa.
405 3206 474 3256 itam
497 3207 528 3264 V,
547 3223 616 3258 corr.
636 3210 651 3256 1
668 3223 698 3256 m.

431 3377 666 3386 Ἥ
