2460 3940
180 139 203 204 4
448 153 495 200 nn
518 152 579 199 nm
600 152 732 200 utram
754 151 829 200 car.
845 153 881 200 11.

182 312 278 373 neque
306 291 358 352 tibi
385 309 440 370 per
460 293 550 352 animi
571 291 710 352 virtutem
731 291 827 352 desint
851 308 907 351 nec
932 291 1006 351 mihi
1032 308 1090 368 per
1111 295 1159 354 rei

181 379 355 439 tenuitatem
371 378 535 455 supersint,
558 376 765 454 quodcumque
781 374 838 435 hoc
854 374 923 435 libri
938 383 983 437 est
997 377 1072 437 meis
1088 379 1157 455 opi-

147 472 164 521 6
183 463 239 524 bus
255 469 458 541 comparatum
475 459 603 521 natalicii
619 459 703 521 titnln
719 459 772 519 tibi
788 461 864 519 misi.
900 461 929 520 in
946 478 1004 538 quo
1019 477 1099 529 non,
1124 471 1157 521 ut

181 549 333 628 plerisque
350 564 414 608 mos
429 553 489 614 est,
513 553 562 605 aut
577 563 613 604 ex
630 544 726 606 ethica
742 552 825 622 parte
839 542 1044 622 philosophiae
1065 564 1157 624 prae-

183 640 267 712 repta
289 631 324 693 ad
341 629 426 691 beate
447 629 618 699 vivendum,
641 647 716 708 quae
731 628 784 689 tihi
799 627 978 697 scriberem,
1000 636 1158 690 mutuatus
1175 641 1189 687 5

182 735 263 786 sum,
294 725 344 776 aut
366 735 401 775 ex
424 714 538 775 artibus
558 715 712 774 rhetorum
736 713 819 775 locos
839 713 973 774 laudibus
994 715 1052 774 tuis
1073 713 1156 776 cele·

181 799 303 862 brandis
332 807 508 879 persecutus
541 798 592 876 (ad
619 799 650 859 id
678 799 755 860 enim
781 800 921 859 uirtutum
948 799 1083 858 omnium
1111 799 1156 859 fa-

182 887 301 963 stigium
328 885 498 954 ascendisti,
531 892 564 943 ut
589 891 695 944 cuncta
722 884 791 950 ista,
825 901 901 962 quae
927 881 971 942 vel
1001 884 1156 960 sapienter

181 978 340 1030 monentur
360 966 406 1028 vel
428 967 555 1029 facunde
570 967 794 1046 praedicantur,
816 968 870 1028 vita
892 965 1086 1046 moribusque
1102 987 1155 1029 su·

182 1052 357 1133 paraveris),
374 1052 426 1114 sed
443 1071 478 1114 ex
494 1051 651 1131 philologis
668 1053 887 1112 commentariis
902 1051 1044 1130 quasdam
1061 1070 1155 1131 quiae·
1173 1060 1200 1107 10

183 1136 345 1200 stiunculas
362 1135 474 1214 delegi,
497 1154 573 1216 quae
595 1145 754 1215 congestae
769 1139 882 1213 possint
902 1135 1086 1216 aliquantum
1103 1155 1154 1196 vo·

148 1218 164 1266 ⁷
182 1221 282 1284 lumen
303 1222 432 1284 allicere.
463 1221 551 1300 idque
567 1240 583 1282 a
599 1240 647 1282 me
663 1220 787 1282 docendi
803 1222 900 1282 studio
921 1220 968 1282 vel
984 1222 1155 1282 ostentandi

182 1317 249 1369 voto
271 1308 335 1370 lieri
350 1324 410 1368 non
427 1306 582 1386 praedico,
605 1324 643 1368 ne
659 1307 689 1366 iu
704 1324 767 1376 me,
791 1314 824 1366 ut
845 1314 927 1366 retus
942 1305 1081 1382 adagium
1099 1315 1153 1376 est,

148 1394 165 1444 8
183 1393 248 1454 iure
264 1393 379 1453 dicatur
400 1410 463 1453 sus
484 1392 691 1452 Minervam.
723 1395 785 1452 iam
799 1408 869 1452 vero
891 1397 1025 1452 cumino
1042 1389 1156 1452 collatu

182 1478 289 1538 scirem
322 1494 370 1536 me
396 1477 482 1553 plura
510 1475 663 1545 didicisse,
698 1493 736 1536 ne
763 1473 915 1536 beneficiis
945 1475 1002 1536 tuis
1032 1474 1155 1536 viderer
1172 1483 1196 1530 15

182 1563 330 1638 ingratus,
360 1568 532 1621 nostrorum
558 1567 692 1622 veterum
718 1560 970 1622 sanctissimorum
995 1558 1154 1622 hominum

148 1649 164 1697 9
184 1643 318 1722 exempla
340 1661 404 1706 sum
426 1651 554 1706 secutus.
590 1644 632 1704 illi
648 1647 727 1706 enim
743 1643 822 1723 quod
837 1643 990 1713 alimenta,
1013 1645 1153 1722 patriam.

183 1727 289 1798 lucem,
306 1746 338 1788 se
354 1728 483 1807 denique
498 1729 578 1808 ipsos
593 1729 671 1790 dono
688 1729 812 1790 deorum
828 1727 986 1800 habebant,
1004 1747 1039 1789 ex
1057 1731 1155 1790 omni·

182 1813 239 1875 bus
265 1812 374 1894 aliquid
402 1813 465 1874 deis
484 1813 655 1883 sacrabant,
687 1815 780 1892 magis
809 1812 883 1874 adeo
904 1820 936 1874 ut
961 1831 1026 1874 sese
1050 1822 1155 1892 gratos
1207 1823 1209 1950 p

183 1897 384 1978 adprobarent
405 1916 493 1977 quam
509 1898 587 1977 quod
604 1899 675 1960 deos
690 1898 747 1958 hoc
768 1898 982 1960 arbitrarentur
1004 1897 1152 1976 indigere.
1171 1907 1196 1953 ac

131 1987 164 2038 10
181 1985 282 2062 itaque
304 2001 371 2044 oum
393 1991 591 2062 perceperant
611 1983 727 2061 fruges,
759 1989 827 2044 ante
848 2000 936 2061 quam
957 1994 1154 2045 vescerentur
1206 1973 1208 2088 l

182 2069 245 2130 deis
258 2066 352 2129 libare
367 2069 566 2136 instituerunt,
583 2075 611 2128 et
623 2085 690 2128 cum
706 2083 794 2145 agros
809 2066 905 2144 adque
921 2065 1011 2128 urbes
1026 2065 1154 2129 deorum
1206 2099 1207 2104 κ

181 2171 307 2214 munere
321 2152 522 2232 possiderent,
538 2158 652 2230 partem
669 2151 816 2230 quandam
832 2149 948 2230 templis
963 2149 1153 2231 sacellisque,

182 2237 233 2298 ubi
255 2255 307 2298 eos
327 2237 473 2306 colerent,
502 2233 687 2298 dicaverunt:
717 2236 836 2314 quidam
863 2239 950 2296 etiam
971 2252 1029 2315 pro
1050 2245 1153 2298 cetera

182 2321 317 2399 corporis
337 2319 416 2380 bona
437 2319 603 2382 valetudine
623 2321 735 2381 crinem
758 2321 814 2382 deo
836 2338 953 2382 sacrum
979 2320 1193 2398 pascebantur

132 2410 162 2459 11
181 2406 221 2466 ita
244 2423 311 2483 ego,
337 2422 426 2482 aquo
442 2403 527 2484 plura
547 2407 578 2465 in
594 2406 699 2468 litteris
718 2405 854 2484 percepi,
876 2404 929 2466 tibi
950 2405 1025 2466 haec
1045 2408 1153 2485 exigua
1204 2427 1205 2483 i

182 2489 275 2552 reddo
290 2488 439 2551 libamina.

147 2572 165 2631 2
248 2573 333 2636 Nunc
355 2575 493 2653 quoniam
514 2572 589 2636 liber
605 2574 642 2635 de
657 2574 705 2635 die
722 2572 813 2635 natali
833 2572 1020 2644 inscribitur,
1044 2576 1152 2636 avotis
1203 2569 1204 2578 ’

181 2660 312 2737 auspicia
332 2667 497 2720 sumantur.
544 2659 642 2738 itaque
663 2659 761 2719 hunc
782 2659 891 2730 diem,
915 2658 994 2738 quod
1016 2660 1058 2720 ait
1081 2660 1153 2721 Per·
1202 2719 1203 2726 ,

181 2746 257 2812 sius,
286 2761 437 2805 numera
459 2741 615 2805 meliore
641 2741 790 2824 lapillo,
818 2743 908 2822 idque
929 2761 1016 2822 quam
1039 2744 1153 2824 saepis·
1169 2732 1203 2798 30¹

250 2965 276 3017 4.
300 2979 334 3014 ex
352 2963 445 3014 ethica
463 2962 606 3025 Manutius,
639 2963 737 3013 exhtes
756 2963 794 3022 D,
824 2963 871 3012 hie
890 2978 907 3012 a
929 2964 954 3013 V
1020 2964 1045 3014 5.
1070 2967 1157 3032 sente,
1200 2939 1201 3016 l

181 3032 207 3081 D
275 3033 300 3082 6.
314 3032 438 3082 noeusD
506 3031 716 3082 amnuerunt}
773 3029 959 3081 rseuubseD
1030 3032 1152 3084 11.eon1

183 3103 261 3164 geste
284 3100 309 3149 V
377 3101 417 3150 13.
440 3113 496 3150 nen
513 3097 620 3148 fieriV
690 3095 830 3164 abparatum
851 3097 941 3162 (prior
958 3111 974 3164 9
992 3113 1027 3148 ero
1044 3113 1060 3148 o
1078 3100 1153 3162 facta
1199 3065 1200 3150 l

182 3181 239 3218 esre
256 3165 367 3232 videtur)
386 3167 419 3226 D,
440 3165 558 3230 elogium
581 3167 608 3216 V
673 3167 713 3218 14.
731 3165 787 3216 iam
805 3163 882 3229 vere]
900 3181 971 3216 noso
989 3167 1029 3228 D,
1049 3165 1152 3216 docere

186 3235 219 3296 V,
237 3249 332 3286 vertam
351 3233 449 3286 laicus
502 3234 541 3284 lb.
559 3231 695 3284 benificiis
718 3235 744 3283 V
801 3235 841 3284 18.
860 3233 1000 3285 habebam
1021 3235 1060 3298 V,
1081 3250 1151 3285 corr.
1198 3191 1199 3284 l

182 3317 214 3349 m.
234 3304 249 3349 2
320 3303 360 3356 19.
380 3317 441 3352 sese
460 3305 555 3366 gratos
573 3301 697 3360 Heinsius,
718 3314 901 3368 seeneesros
916 3303 946 3362 l),
966 3316 995 3352 se
1009 3307 1107 3366 gratos
1130 3303 1153 3350 V

183 3368 225 3416 20.
244 3365 317 3416 osse*
329 3369 363 3431 D,
383 3369 435 3419 diis
449 3369 466 3418 d
520 3382 730 3420 santabarenus
743 3367 875 3437 subacens
888 3372 913 3419 D
965 3371 1007 3420 22.
1020 3369 1102 3433 alque
1116 3371 1150 3431 D,

185 3436 269 3495 atque
292 3433 320 3481 V
384 3437 427 3487 29.
446 3448 579 3486 sumerum
596 3437 621 3486 D
673 3437 749 3487 Pers.
768 3440 827 3498 2,1
897 3439 939 3492 30.
959 3436 1106 3502 sepissime
1130 3439 1154 3488 V
