2424 3938
291 185 339 240 DE
359 184 507 240 EXCIDIO
528 183 664 238 TROIAH
684 181 864 240 HISTORIA.
987 197 992 208 ⁸
1050 183 1069 245 9

171 327 245 392 VII.
282 328 464 392 Alexander
482 329 644 393 cohortari
657 329 776 413 coepit,
797 332 834 392 ut
848 329 967 407 classis?
980 349 1070 412 prae·

73 421 250 502 pararetur
272 420 305 481 et
322 417 357 480 in
371 416 539 481 Graeciam
558 417 751 482 mitteretur:
776 437 809 480 se
828 417 893 480 eius
914 416 962 480 rei
983 416 1070 499 prin-

75 507 187 590 cipem
204 506 363 588 futurum,
387 505 414 569 si
436 509 528 589 pater
549 506 639 570 velit:
663 506 697 570 in
719 505 851 569 deorum
870 505 1070 589 benignitate

78 615 115 658 se
140 593 312 676 confidere,
335 593 427 658 victis
451 593 598 658 hostibus
622 593 715 658 laude
739 593 855 676 adepta
877 592 915 657 de
937 591 1071 656 Graecia

75 683 214 747 domum
236 683 414 747 rediturum
437 702 515 746 esse.
555 704 632 746 nam
656 682 719 746 sibi
741 682 776 745 in
797 680 856 745 Ida
880 681 972 764 silva,
996 697 1096 745 cums

78 775 236 835 venatum
250 770 383 853 abisset,
397 771 432 834 in
446 771 568 834 somnis
583 769 778 835 Mercurium
792 768 961 834 adduxisse
974 769 1070 833 Iuno-

78 879 159 922 nem
186 857 345 924 Venerem
373 863 406 922 et
431 857 623 941 Minervam,
651 862 688 922 ut
714 859 799 924 inter
822 880 876 922 eas
900 858 938 922 de
957 859 1071 941 *specie

78 947 252 1023 iudicaret:
284 951 316 1010 et
342 951 420 1012 tunc
453 947 515 1012 sibi
542 946 701 1012 Venerem
729 947 906 1030 pollicitam
931 968 1014 1029 esse,
1044 947 1072 1010 si

80 1057 176 1100 suam
195 1035 373 1118 speciosam
395 1035 510 1100 faciem
533 1035 701 1117 iudicaret,
724 1036 871 1100 daturam
889 1057 922 1099 se
942 1036 972 1110 ei
994 1057 1071 1099 uxo-

78 1145 164 1206 rem,
188 1145 270 1208 quae
292 1123 328 1187 in
350 1122 484 1188 Graecia
508 1123 743 1207 speciosissima
770 1125 874 1188 forma
896 1123 1070 1203 videretur:
1086 1143 1111 1181 10

79 1211 139 1275 ubi
167 1211 214 1276 ita
241 1210 396 1294 audisset,
427 1212 581 1297 optimam
609 1213 690 1293 facie
718 1211 878 1277 Venerem
905 1213 1071 1277 iudicasse.

79 1300 168 1364 unde
210 1321 337 1383 sperare
374 1302 470 1382 coepit
503 1300 651 1365 Priamus
683 1298 844 1365 Venerem
883 1301 1072 1365 adiutricem

79 1388 268 1453 Alexandro
300 1389 451 1454 futuram.
505 1388 693 1472 Deiphobus
730 1390 855 1472 placere
893 1389 955 1453 sibi
992 1388 1072 1452 dixit

80 1476 261 1540 Alexandri
294 1478 464 1542 consilium
496 1481 528 1542 et
563 1499 691 1563 sperare
723 1475 862 1542 Graecos
894 1475 1072 1542 Hesionam

80 1565 263 1630 reddituros
292 1570 324 1630 et
352 1566 587 1647 satisfacturos,
619 1567 660 1648 si,
692 1570 728 1631 ut
755 1566 947 1651 dispositum
978 1569 1071 1647 esset,
1085 1581 1112 1622 15

78 1653 196 1718 classis
227 1654 263 1717 in
291 1651 459 1720 Graeciam
488 1655 678 1720 mitteretur.
730 1652 873 1720 Helenus
903 1654 1073 1719 vaticinari

78 1742 190 1825 coepit
213 1739 327 1806 Graios
350 1747 516 1824 venturos,
544 1743 641 1807 Ilium
664 1765 843 1827 eversuros,
867 1747 1016 1827 parentes
1041 1746 1074 1806 ct

80 1831 200 1894 fratres
232 1829 343 1896 hostili
370 1852 469 1895 manu
501 1831 701 1914 interituros,
737 1832 765 1895 si
795 1831 979 1895 Alexander
1011 1831 1073 1895 sibi

80 1940 218 1982 uxorem
233 1918 272 1983 de
287 1918 421 1984 Graecia
440 1916 632 1984 adduxisset.
667 1918 793 1983 Troilus
817 1920 969 1984 minimus
992 1922 1072 1982 natu

80 2029 152 2072 non
173 2007 281 2072 minus
303 2007 397 2072 fortis
421 2029 518 2094 quam
537 2006 658 2072 Hector
680 2008 801 2071 bellum
824 2008 892 2092 geri
916 2007 1072 2071 suadebat
1087 2023 1112 2062 20

80 2099 117 2158 et
130 2116 199 2160 non
213 2095 327 2160 debere
344 2097 458 2160 terreri
476 2100 565 2162 metu
588 2097 758 2160 verborum
776 2095 901 2160 Heleni.
933 2095 969 2160 ob
988 2095 1073 2178 quod

80 2183 235 2249 omnibus
266 2185 388 2268 placuit
418 2186 552 2249 classem
582 2204 754 2268 conparare
783 2189 816 2248 et
842 2184 877 2247 in
905 2181 1073 2265 Graeciam

81 2271 253 2355 proficisci.

173 2358 263 2424 VIII.
310 2361 457 2425 Priamus
488 2360 708 2424 Alexandrum
741 2365 773 2424 et
804 2359 1010 2443 Deiphobum
1038 2362 1073 2426 in

78 2444 264 2512 Paeoniam*
282 2449 384 2530 misit,
412 2453 449 2512 ut
471 2449 589 2514 milites
613 2450 764 2533 legerent.
815 2448 855 2513 ad
885 2449 1071 2514 concionem
1087 2463 1113 2504 25

79 2592 299 2602 ...ι-Ἣ

158 2658 252 2712 lcoh.
280 2657 487 2782 coepti&l
415 2657 616 2712 cohortabatur
645 2657 683 2712 M
703 2659 776 2712 solae
848 2664 863 2710 2
888 2658 948 2712 eius
974 2659 1074 2714 addidi

79 2727 258 2799 afuturum]
282 2729 341 2784 fore
408 2729 487 2795 luell
488 2730 516 2782 et
539 2727 631 2794 Glin
654 2728 780 2798 deorum]
806 2728 840 2781 de
865 2728 924 2782 eius
949 2729 987 2782 M
1057 2736 1074 2782 4

78 2799 187 2854 debere
205 2799 268 2854 add.
289 2799 328 2852 M
343 2804 408 2868 poet
397 2799 564 2854 tconfidere
581 2803 583 2866 l
600 2798 727 2853 laudect
745 2797 779 2852 de
798 2812 848 2851 om
866 2798 903 2851 M
974 2805 1073 2854 ocum

78 2872 114 2924 in
133 2886 196 2925 nen.
220 2869 246 2924 G
318 2869 475 2951 osomuiis
495 2870 533 2923 M
603 2869 795 2926 Sindicasset
818 2868 856 2921 M
927 2871 1073 2938 9specio·

78 2942 187 2996 siorem
211 2940 236 2995 G
258 2941 322 3007 fort.
359 2940 594 3010 speciosissimam
672 2946 704 2994 10
728 2938 878 3020 speciosior
903 2939 941 2994 M
944 2937 970 2994 G
990 2959 1073 3022 spe-

76 3011 242 3066 ciosissima
264 3013 327 3066 edit.
353 3011 441 3066 Veact.
464 3017 531 3066 1499
551 3011 614 3077 fort.
653 3027 709 3080 qua
728 3008 837 3065 nonin
856 3009 901 3064 Gr.
921 3009 1075 3080 speciosior

80 3089 117 3136 11
133 3082 282 3165 optimaG
356 3089 387 3136 12
403 3083 518 3138 deberet
533 3083 570 3136 M
604 3080 747 3136 debereG
783 3083 877 3150 coepit
890 3097 903 3135 e
918 3082 1074 3136 reniret-ara

76 3154 184 3220 scripsi
199 3156 203 3222 l
219 3152 404 3222 priamumG
479 3159 511 3206 14
530 3169 605 3208 cons
624 3152 704 3208 Alex.
722 3151 917 3222 Glsperabat
935 3153 974 3205 M
988 3155 991 3220 l
1007 3152 1073 3208 Hes.

79 3223 131 3278 Gr.
146 3222 173 3278 G
246 3230 278 3278 15
298 3225 323 3278 si
340 3240 391 3279 om.
407 3224 432 3279 G
448 3227 452 3290 l
469 3224 552 3294 esset]
568 3225 630 3278 erat
644 3223 670 3278 G
743 3229 775 3278 18
793 3222 967 3293 interituros]
987 3223 1073 3278 inter-

78 3295 207 3350 fecturos
234 3295 262 3348 B
345 3303 377 3350 19
404 3297 487 3350 natus
514 3295 552 3348 M
629 3301 663 3348 20
690 3293 821 3348 minimus
847 3292 927 3348 fortis
954 3309 1074 3364 namque

78 3365 194 3419 hectori
220 3366 259 3421 M
328 3372 361 3420 21
388 3369 418 3420 et
442 3381 491 3420 ora.
519 3365 545 3419 G
561 3368 564 3432 Ι
581 3365 616 3420 ob
643 3365 742 3420 addidi
767 3381 780 3418 e
805 3365 961 3419 coniectura
1040 3372 1073 3420 ⁶22

78 3435 186 3491 clalses
213 3435 238 3492 G
261 3440 264 3504 l
288 3437 436 3506 conparari
460 3436 498 3490 M
502 3435 552 3490 G'.
570 3452 753 3506 conpararem
777 3436 819 3499 B,
844 3451 894 3490 uos
921 3452 1074 3506 conparare

79 3512 117 3560 23
132 3507 286 3576 proficisci]
301 3506 419 3562 mittiG
491 3512 525 3561 25
539 3507 642 3576 poeula
658 3508 694 3560 M
728 3506 900 3575 peoniamG
916 3511 919 3574 l
937 3507 1026 3562 mittit
1040 3507 1073 3560 G.
