2414 3946
165 185 207 250 14
409 199 458 246 nn
480 199 542 246 orn
564 198 696 247 uncam
719 197 795 248 car.
811 199 885 246 vm.

164 338 301 419 signiter,
319 356 406 419 quem
424 338 529 400 Graeci
543 349 649 399 vocant
663 337 821 408 zodiacon,
837 341 868 399 in
883 357 942 418 quo
957 339 1002 399 sol
1018 348 1047 402 et
1060 340 1130 402 luna

165 430 341 503 ceteraeque
362 422 463 484 stellae
485 441 574 500 vagae
597 422 742 484 feruntur.
780 423 829 483 bic
844 426 875 484 in
891 423 1129 505 duodecimpar-

163 517 208 570 tes
228 509 349 570 tolidem
371 510 462 587 signis
482 508 612 568 redditas
634 507 829 586 aequabiliter
850 507 957 571 divisus
978 518 1030 571 est.
1063 527 1129 570 enm

165 592 210 654 sol
230 611 328 655 annno
351 594 444 673 spatio
460 593 594 653 metitur:
618 593 657 651 ita
679 594 709 650 in
725 609 785 652 uno
801 611 919 671 quoque
938 595 1021 672 signo
1037 594 1130 656 ferme

164 696 256 739 unum
272 695 406 738 mensem
426 683 567 738 moratur.
600 676 651 738 sed
667 678 784 754 signum
801 677 954 756 quodlibet
969 697 1035 738 oum
1052 687 1128 740 cete·
1147 691 1162 738 5

163 764 205 823 ris
228 761 351 839 singulis
372 760 462 822 habet
482 769 617 822 mutuum
639 769 846 838 conspectum,
869 770 1043 824 nontamen
1065 767 1128 824 uni-

164 848 290 908 lormem
313 864 380 906 cum
403 845 555 907 omnibus:
590 863 657 906 nam
679 844 838 907 validiores
859 845 922 917 alii,
951 848 1130 909 infirmiores

165 931 212 992 alii
227 930 384 992 habentur.
424 932 515 1010 igitur
530 948 589 1010 quo
605 937 740 1010 tempore
754 937 858 1007 partus
880 932 1063 1008 concipitur,
1086 931 1130 992 sol

164 1017 194 1075 in
215 1015 314 1092 aliquo
334 1011 418 1093 signo
440 1015 479 1074 sit
493 1033 615 1076 neeesse
631 1023 675 1075 est
694 1023 723 1076 et
737 1015 766 1074 in
783 1014 880 1094 aliqua
901 1019 964 1077 eius
978 1016 1129 1094 particula,

131 1107 253 1177 oquem
276 1099 374 1160 locum
396 1099 598 1178 conceptionis
618 1101 740 1178 proprie
761 1099 919 1178 appellant.
949 1109 1019 1162 sunt
1035 1109 1130 1163 autem
1150 1111 1176 1159 10

165 1183 220 1244 hae
235 1183 398 1262 particulae
418 1186 524 1244 inuno
540 1203 658 1264 quoque
679 1185 764 1261 signo
779 1186 926 1254 tricenae,
949 1187 1040 1246 totius
1061 1205 1131 1248 vero

164 1269 276 1329 zodiaci
297 1287 422 1329 numero
444 1281 564 1330 ccccx.
602 1268 656 1329 has
671 1270 777 1330 Graeci
798 1287 919 1331 moeras
939 1272 1132 1346 cognomina-

164 1361 250 1424 runt,
274 1372 309 1415 eo
324 1352 462 1414 videlicet
477 1353 555 1431 qnod
572 1353 642 1414 deas
658 1351 761 1414 fatales
776 1361 951 1433 nuncupant
964 1355 1083 1416 Moeras
1105 1366 1133 1416 et

165 1457 218 1498 eae
233 1437 396 1516 particulae
412 1437 498 1499 nobis
512 1437 593 1498 velnt
606 1438 666 1498 lata
682 1445 765 1498 sunt:
789 1455 857 1498 nam
873 1457 931 1517 qua
946 1440 1133 1517 potissimum

131 1533 146 1580 6
165 1524 281 1583 oriente
296 1540 453 1583 nascamur
468 1522 628 1600 plurimum
649 1522 750 1583 refert.
783 1521 828 1582 sol
844 1541 916 1602 ergo
932 1541 999 1585 cum
1014 1527 1047 1584 iu
1061 1543 1133 1604 pro·
1151 1535 1177 1582 15

164 1608 277 1668 ximum
293 1607 409 1684 signum
424 1607 625 1677 transcendit,
646 1606 745 1667 locum
765 1606 847 1668 illum
864 1609 1068 1687 conceptionis
1085 1617 1136 1670 aut

164 1689 302 1752 inbecillo
323 1691 401 1751 videt
422 1699 583 1769 conspectu
604 1698 654 1752 aut
681 1693 769 1752 etiam
789 1709 845 1753 nec
867 1694 1025 1770 conspicit:
1065 1711 1136 1754 nam

164 1774 266 1854 plnres
277 1777 475 1853 proximantia
485 1774 603 1837 sibimet
617 1775 700 1836 zodia
716 1777 840 1837 invicem
856 1795 888 1837 se
898 1778 999 1838 videre
1011 1781 1136 1839 omnino

164 1869 356 1938 negaverunt.
388 1867 416 1920 at
438 1878 504 1921 cum
524 1862 555 1921 in
571 1861 660 1921 tertio
682 1867 726 1920 est
741 1863 840 1939 signo,
862 1860 920 1922 hoe
936 1868 1057 1923 estune
1073 1882 1137 1924 me·

164 1946 213 2006 dio
229 1947 416 2022 interposito,
439 1952 511 2005 tuno
526 1945 655 2023 primum
676 1943 757 2005 illum
773 1944 871 2005 locum
886 1947 965 2008 unde
980 1947 1139 2023 proiectus
1154 1957 1180 2005 ao

165 2037 210 2091 est
223 2030 325 2092 videre
339 2030 461 2098 dicitnr,
491 2029 542 2090 sed
561 2028 642 2090 valde
665 2027 784 2108 obliquo
808 2037 837 2090 et
856 2029 982 2092 invalido
1003 2030 1137 2101 lumine;

165 2117 215 2194 qui
232 2121 408 2192 conspectus
422 2121 545 2174 vocatur
560 2112 640 2176 κατὰ
655 2111 831 2188 ἑξάγωκῑον,
849 2116 918 2194 quia
934 2122 1049 2176 sextam
1066 2134 1138 2194 par·

164 2209 224 2260 tem
240 2196 344 2259 circuli
361 2198 520 2260 subtendit.
552 2215 620 2258 nam
636 2200 676 2269 sl,
700 2205 734 2258 ut
754 2199 883 2278 aprimo
904 2199 989 2260 zodio
1011 2200 1051 2260 ad
1074 2209 1138 2262 ler-

163 2284 254 2351 tium,
272 2283 313 2342 sic
330 2301 346 2342 a
361 2283 449 2343 tertio
465 2283 501 2343 ad
518 2283 661 2362 quintum,
678 2283 747 2343 inde
762 2301 852 2361 porro
869 2285 905 2345 ad
921 2285 1087 2364 septimum
1104 2303 1138 2346 ac

164 2367 305 2445 deinceps
329 2365 459 2428 alternae
474 2367 570 2428 lineae
593 2369 778 2439 emittantur,
805 2367 952 2448 hexagoni
972 2369 1139 2448 aequilate·
1155 2379 1180 2426 25

130 2450 233 2512 aralis
258 2451 354 2512 forma
378 2453 408 2512 in
434 2451 538 2513 eodem
564 2450 677 2512 circulo
703 2451 862 2515 scribetur.
906 2453 986 2514 huno
1012 2455 1140 2531 quidam

164 2543 355 2615 conspectum
371 2554 431 2597 non
446 2553 658 2615 usquequaque
672 2545 866 2616 receperunt,
883 2538 961 2618 quod
977 2540 1141 2600 minimum

130 2629 145 2678 8
165 2620 200 2680 ad
222 2622 421 2682 maturitatem
442 2627 544 2700 partus
566 2620 719 2682 videbatur
744 2622 890 2684 conterre.
921 2640 990 2683 cnm
1010 2642 1087 2685 vero
1110 2625 1140 2683 in

231 2911 245 2958 1
264 2909 342 2974 greci
363 2908 389 2957 V
455 2911 480 2960 9.
504 2914 531 2958 et
552 2911 613 2959 odd.
635 2909 757 2959 Cauchius
826 2912 866 2960 10.
884 2925 1021 2976 praepares
1042 2913 1070 2962 D

163 2979 203 3028 12.
228 2988 338 3026 nument
355 2977 380 3024 D
442 2976 519 3042 greci
541 2976 566 3026 V
628 2977 1021 3042 cognominarunt-moeres
1042 2995 1094 3032 om.
1119 2979 1143 3028 V

163 3048 204 3096 13.
228 3043 297 3109 quob
316 3057 364 3093 eas
384 3045 409 3092 D
479 3045 520 3096 14.
537 3043 591 3094 hae
614 3045 641 3095 V
706 3045 806 3110 uenlua
828 3059 920 3096 rcere
936 3047 961 3095 D
985 3053 1048 3096 onte
1072 3063 1141 3105 rae,

161 3113 368 3176 uenotlssnaare
391 3112 409 3161 d
478 3126 531 3175 qua
553 3111 619 3173 DV,
651 3113 752 3176 quiad
821 3114 862 3167 15.
885 3127 1051 3164 nascanrun
1075 3114 1141 3172 DV,

161 3197 230 3230 corr.
245 3181 368 3232 Ooocbr'os
408 3177 409 3180 ’
438 3181 478 3230 19.
499 3180 659 3230 catiniano
681 3179 709 3228 V
773 3182 814 3233 22.
832 3177 961 3247 vocatur]
982 3181 1094 3232 dieitur
1119 3179 1146 3230 V

161 3281 392 3334 soroeinrurmon
409 3282 448 3345 D,
473 3242 674 3333 castaliarumcn
698 3281 724 3331 V
740 3280 764 3344 (e
782 3283 843 3334 add.
861 3266 892 3332 le.
911 3281 976 3346 rec.)
1049 3286 1096 3334 23.
1118 3283 1142 3330 si

161 3353 193 3396 ut
212 3349 315 3406 Carrio,
340 3364 382 3400 ans
401 3351 438 3410 D,
463 3349 540 3400 cuius
558 3351 578 3398 d
593 3349 621 3398 V
628 3349 726 3418 Iqbaus
794 3351 835 3400 25.
855 3365 946 3402 nanee
965 3351 1022 3402 DV
1040 3349 1141 3414 (ortam

162 3430 198 3464 coc
215 3416 321 3480 niniae)
393 3429 591 3467 aemtnranrun
609 3418 634 3466 D
704 3431 820 3484 exaqonc
843 3433 1083 3482 aequrnurenenrs
1104 3418 1140 3474 D,

163 3483 317 3546 exagoniae
331 3483 377 3546 qui
389 3482 518 3534 lateralis
535 3479 563 3532 V
621 3485 664 3536 26.
678 3499 864 3536 scamenernn
876 3487 936 3548 DV,
950 3487 1143 3539 coanhelantem
