2424 3938
138 211 181 276 34
466 206 625 264 DARETIS
643 205 797 268 PHRYGII

137 356 246 440 itaque
263 323 407 420 Achilles
429 357 467 418 ut
484 352 695 418 constitutum
716 353 786 415 erat
808 347 935 416 servum
959 350 1000 415 ad
1018 349 1124 416 Hecu·

137 442 341 544 bamumittit,
363 441 500 507 utisciat
517 440 594 543 quid
612 461 685 505 cum
699 437 827 504 Priamo
841 440 953 525 egerit
989 438 1124 541 Hecuba
1202 431 1205 578 p

138 554 248 598 omnia
263 553 357 617 ,quae
384 552 457 596 oum
484 529 614 595 Priamo
643 531 753 614 egerat
783 526 918 594 mandat
944 549 1047 594 servo.
1097 548 1127 594 re
1204 579 1205 582 ,

137 620 257 686 Achilli
287 620 392 685 refert.
443 617 586 684 Achilles
621 616 764 702 queritur
798 616 833 682 in
865 617 996 702 vulgas,
1029 617 1124 682 unius
1203 637 1205 722 p

112 709 281 775 omulieris
303 707 447 774 Helenae
469 721 566 774 eausa
587 709 691 771 totam
712 703 880 770 Graeciam
902 709 935 770 et
956 704 1126 790 Europam

137 801 341 866 convocatam
369 817 452 880 esse,
486 800 579 862 tanto
603 798 748 877 tempore
770 797 821 859 tot
842 794 940 858 milia
953 793 1127 859 hominum
1204 841 1205 856 i

137 887 273 972 perisse,
304 886 486 952 libertatem
517 884 553 950 in
584 882 718 966 ancipiti
750 903 833 966 esse,
859 882 944 947 unde
975 886 1126 966 oportere

138 996 250 1059 pacem
272 974 354 1058 fieri,
377 973 551 1039 exercitum
572 971 731 1038 reducere.
1204 975 1205 984 ’

226 1061 380 1128 XXVIII.
433 1061 549 1127 Annus
581 1061 792 1126 circumactus
825 1062 882 1124 est.
935 1058 1127 1124 Palamedes

100 1152 313 1217 mexercitum
331 1151 438 1216 educit
455 1150 600 1231 instruit,
617 1146 806 1232 Deiphobus
824 1152 945 1213 contra.
980 1147 1127 1212 Achilles

137 1241 239 1306 iratus
256 1240 292 1306 in
309 1238 467 1324 proelium
485 1260 554 1304 non
573 1236 689 1322 prodit.
716 1234 904 1302 Palamedes
922 1236 1128 1302 occasionem

137 1333 252 1396 nactus
285 1328 520 1413 inpressionem
556 1327 592 1391 in
631 1324 837 1408 Deiphobum
867 1325 947 1390 facit
988 1346 1127 1410 eumque

138 1419 318 1483 obtruncat.
363 1415 521 1501 proelium
544 1436 616 1481 aere
643 1413 796 1498 insurgit,
824 1413 940 1479 acriter
963 1415 1007 1480 ab
1030 1414 1126 1478 utris·

138 1527 200 1590 que
222 1509 399 1591 pugnatur,
428 1504 532 1570 multa
553 1503 643 1568 milia
665 1501 834 1566 hominum
857 1502 986 1570 eadunt.
1033 1501 1127 1567 Pala-

99 1611 123 1650 16
139 1594 247 1660 medes
270 1595 305 1659 in
327 1595 431 1678 prima
455 1593 523 1658 acie
544 1595 691 1656 versatur
712 1590 937 1676 hortaturque,
964 1591 1128 1675 proelium

137 1686 174 1746 ut
205 1682 331 1747 fortiter
367 1685 491 1767 gerant.
550 1684 664 1746 contra
699 1700 772 1744 eum
808 1676 976 1764 Sarpedon
1008 1679 1129 1764 Lycius

138 1771 276 1836 occurrit
292 1771 427 1855 eumque
441 1769 629 1835 Palamedes
652 1768 812 1832 interficit
849 1789 887 1833 eo
909 1767 997 1834 facto
1021 1769 1128 1832 laetus

137 1860 173 1924 in
191 1859 258 1926 acie
276 1862 430 1925 versatu.
467 1859 519 1924 cui
537 1857 694 1922 exultanti
718 1861 751 1921 et
773 1856 926 1942 glorianti
939 1856 1130 1922 Alexander

137 1947 229 2013 Paris
253 1948 372 2034 sagitta
395 1945 516 2018 collum
535 1945 705 2031 transfigit.
751 1943 896 2030 Phryges
923 1945 1129 2011 animadver-

99 2053 124 2092 20
137 2040 225 2121 tunt,
260 2038 325 2101 tela
351 2036 516 2102 coniciunt
543 2039 639 2120 atque
666 2034 713 2098 ita
740 2032 927 2100 Palamedes
960 2034 1129 2100 occiditur.

137 2123 227 2210 Rege
269 2125 373 2190 occiso
419 2124 527 2189 cuncti
570 2123 679 2187 hostes
724 2121 960 2206 inpressionem
1001 2122 1131 2188 faciunt
1203 2141 1204 2186 1

211 2411 224 2459 1
253 2404 349 2474 itaque
376 2419 440 2458 eum
467 2418 570 2458 seruus
590 2401 626 2457 ab
651 2401 754 2456 achille
778 2401 813 2455 ad
840 2400 994 2456 heccubam
1021 2401 1133 2456 missus

139 2476 212 2529 esset
245 2475 344 2530 eadem
375 2473 486 2528 hecuba
518 2488 590 2541 quae
620 2473 731 2542 priamo
763 2474 860 2542 egeret
873 2487 968 2584 iseruo
1001 2470 1075 2526 dicit
1105 2472 1133 2527 G

138 2603 262 2652 menum
270 2596 297 2650 L
305 2597 352 2653 sed
360 2595 521 2652 catamito:
535 2595 663 2650 haecuba
676 2594 772 2650 omnia
780 2595 891 2665 priamo
900 2596 998 2649 namet
1006 2595 1135 2650 mandat

139 2701 256 2740 aseruo
327 2691 435 2754 oquae
453 2683 643 2810 cnmcpriamo
662 2686 760 2754 egerat
781 2683 814 2737 F
831 2685 835 2751 l
855 2669 997 2739 seruusG
1034 2681 1088 2738 his
1106 2683 1135 2737 L

88 2765 93 2772 ’
137 2756 237 2825 sumpsi
254 2758 278 2810 is
351 2755 502 2810 4nunciat
562 2753 612 2824 {in
630 2753 716 2825 uulgo
730 2752 757 2806 L
792 2753 822 2808 in
840 2754 940 2825 uulgos
960 2752 998 2821 G,
1023 2755 1135 2824 serape-i

137 2827 167 2880 in
185 2826 287 2897 vulgus
360 2827 526 2882 oneratam
544 2825 570 2879 L
610 2825 777 2880 aduocatam
797 2823 823 2879 G
842 2839 892 2880 nos
915 2823 1107 2879 conuocatam

139 2903 154 2950 7
182 2901 264 2952 tanta
288 2896 414 2967 pericula
442 2895 515 2951 adiri
549 2897 612 2952 add.
639 2894 666 2950 θ
692 2899 758 2964 post
782 2895 888 2965 perisse
911 2893 966 2966 lin
992 2893 1121 2964 ancipiti

138 2967 328 3038 mancipatam
346 2967 373 3020 L
389 2971 392 3035 1
408 2966 482 3022 unde
502 2969 631 3037 oportere
649 2981 699 3022 om.
715 2964 741 3020 G
758 2965 838 3020 habet
854 2983 882 3036 p.
896 2963 915 3020 f.
933 2963 1034 3020 dehere
1118 2973 1134 3023 8

138 3038 276 3094 exercitus
295 3037 424 3093 recedere
443 3037 612 3106 oportereG
685 3043 718 3092 10
736 3035 816 3091 ducit
828 3036 855 3090 L
927 3042 958 3090 11
979 3035 1136 3092 occasione

138 3107 237 3165 ductus
255 3109 281 3162 L
327 3113 387 3163 =12
406 3111 436 3164 et
459 3124 524 3163 eum
542 3107 569 3163 G
641 3113 674 3162 13
712 3106 831 3162 realium
850 3122 913 3162 acre
932 3105 1056 3176 insurgit
1078 3123 1135 3164 om.
1202 3151 1203 3168 p

139 3177 407 3248 Glacriterora.L
470 3125 860 3304 14pugnatur]dqanturL
924 3177 1134 3250 15inom.G{

138 3253 266 3306 uersatus
279 3251 463 3331 hortatusque
476 3249 603 3319 agantL
675 3256 709 3304 lo
739 3249 809 3305 icius
823 3263 883 3318 sap.
899 3248 948 3303 lia.
963 3246 992 3301 L
1027 3246 1133 3304 lictius

138 3319 166 3374 G
243 3327 275 3376 17
300 3321 436 3376 succurrit
458 3319 485 3372 L
505 3322 510 3388 Ι
530 3318 726 3376 interiecitG
808 3324 841 3376 19
860 3317 956 3374 traicit
973 3317 1000 3374 G
1020 3317 1024 3387 Ι
1044 3315 1136 3390 frigia

139 3387 166 3441 G
181 3389 186 3456 1
202 3389 440 3459 animaduertunt]
455 3389 625 3446 animum&
696 3396 731 3447 20
750 3389 820 3462 tela]
836 3388 924 3444 illio
996 3393 1029 3443 21
1053 3388 1088 3444 h.
1109 3408 1133 3444 c.

138 3457 211 3524 inpr.
230 3455 250 3510 f.
269 3457 299 3510 F
317 3463 321 3524 Ι
340 3458 436 3514 hostes
454 3473 505 3514 om.
522 3460 556 3514 L.
