2416 3944
329 193 441 245 BELLI
459 192 611 247 TROIAM
628 195 698 245 LIB.
716 194 752 248 II.
985 196 1027 260 23

53 349 103 412 uti
127 343 368 429 quamprimum
390 343 538 426 expedito
567 343 699 428 negotio
726 350 918 412 remearent:
941 347 1028 430 quod

54 455 94 496 ea
116 429 226 516 gratia
246 426 384 492 maxime
407 449 426 491 a
447 426 618 492 Priamidis
639 429 863 513 festinabatur,
885 432 934 495 uti
955 453 1028 516 pro-

55 537 133 600 pere
155 515 314 578 instructo
342 512 483 577 exercitu
511 515 638 596 tempus
666 515 876 597 profectionis
903 521 1027 581 anteca-

57 602 174 684 perent
196 601 292 680 atque
315 618 411 661 omne
426 595 513 680 quod
534 598 707 680 parabatur
725 598 847 663 bellum
869 601 904 664 in
926 601 1028 686 regio·

58 707 115 750 nes
140 683 294 748 Graeciae
316 685 598 764 transportaretur.
1042 703 1054 741 a

144 766 203 832 IX.
248 765 335 830 Dum
362 765 442 831 haec
475 766 559 848 apud
588 766 719 832 Troiam
751 773 923 854 geruntur,
952 769 1029 834 Dio-

57 853 168 918 medes
208 851 330 935 incepti
363 871 475 915 eomm
503 852 620 916 certior
646 853 751 916 faetus
778 874 897 952 magna
922 855 1030 918 celeri-

59 943 127 1004 tate
150 957 209 1020 per
231 957 360 1000 omnem
383 935 550 1000 Graeciam
569 941 765 1025 pervagatus
786 959 954 1004 universos
976 939 1031 1003 du-

59 1045 112 1088 ces
136 1021 290 1086 convenit
320 1021 435 1102 hisque
458 1021 627 1085 consilium
649 1019 863 1088 Troianorum
884 1025 1031 1107 aperiens

60 1110 174 1173 monet
206 1109 302 1188 atque
335 1106 498 1189 hortatur,
533 1106 581 1169 uti
614 1107 850 1190 quamprimum
883 1109 1032 1174 instructi
1045 1127 1070 1164 10

60 1193 158 1256 rebus
186 1189 272 1254 bello
300 1189 488 1254 necessariis
517 1189 557 1254 ad
583 1191 803 1276 navigandum
830 1193 1030 1258 festinarent.

61 1296 168 1361 neque
184 1273 287 1338 multo
309 1277 384 1358 post
404 1296 439 1338 re
462 1275 594 1360 cognita
607 1277 714 1359 Argos
737 1277 777 1340 ab
793 1277 943 1341 omnibus
959 1299 1033 1342 con-

63 1361 209 1426 venitur:
233 1359 279 1422 ibi
300 1358 444 1423 Achilles
466 1360 535 1444 regi
557 1359 759 1444 indignatae,
788 1360 874 1444 quod
901 1365 1034 1446 propter

62 1447 164 1510 filiam
186 1447 336 1508 renueret
362 1444 614 1527 profectionem,
642 1444 682 1507 ab
710 1442 806 1509 Uiixe
834 1445 869 1509 in
896 1447 1034 1532 gratiam

64 1531 214 1596 reductus
237 1531 294 1592 est
339 1529 367 1592 is
388 1549 528 1611 namque
551 1527 605 1592 diu
620 1533 742 1594 maesto
765 1550 801 1594 ac
823 1531 911 1594 luctu
929 1532 1033 1595 obsito
1048 1549 1072 1588 1⁵

65 1613 307 1700 Agamemnoni
334 1613 518 1695 insinuans,
541 1634 623 1696 quae
645 1613 730 1678 circa
750 1613 851 1678 filiam
873 1616 941 1679 eius
964 1637 1034 1680 eve-

64 1700 206 1781 nissent,
234 1697 377 1761 animum
406 1701 502 1781 atque
537 1702 687 1763 ornatum
719 1700 804 1783 regis
837 1700 1033 1765 reformavit.

65 1785 167 1870 igitur
188 1783 313 1846 cunctis
327 1781 550 1865 praesentibus
565 1803 760 1866 quamquam
782 1805 801 1846 a
821 1783 912 1850 nullo
928 1784 1035 1849 officia

65 1868 201 1933 militiae
222 1866 318 1951 negle
342 1865 493 1949 ebantur,
516 1867 686 1950 praecipue
709 1871 818 1932 tamen
840 1869 923 1932 Aiax
944 1869 1036 1932 Tela·

66 1953 197 2019 menius
225 1954 258 2015 et
279 1951 329 2014 Ao
353 1949 424 2014 illes
452 1971 525 2014 cum
547 1950 703 2016 Diomede
731 1973 841 2016 curam
863 1953 1036 2018 maximam
1049 1972 1073 2010 20

65 2037 275 2119 studiumque
297 2034 483 2118 inportandi
498 2034 575 2098 belli
592 2041 810 2118 susceperant:
834 2037 946 2120 hisque
968 2038 1036 2121 pla-

66 2126 133 2204 cet,
163 2121 211 2185 utn'
240 2123 367 2217 praeter
394 2122 590 2184 contractam
619 2119 753 2184 classem
778 2141 894 2203 naves,
922 2122 1037 2204 quibus

66 2209 140 2271 loca
165 2204 300 2269 hostrlia
327 2204 544 2285 incursarent,
572 2208 817 2288 praeparentur:
853 2205 899 2269 ita
927 2205 1037 2270 diebus

67 2291 179 2376 paucis
195 2288 431 2373 quinquaginta
441 2288 573 2352 navium
588 2289 722 2353 classem
742 2289 932 2354 instructam
949 2291 1038 2356 omni

68 2395 188 2462 genere
204 2373 418 2458 conpingunt.
456 2377 598 2437 ceterum
613 2373 654 2438 ab
676 2374 805 2458 incepto
820 2375 955 2439 militiae
971 2376 1038 2440 eius
1052 2392 1078 2432 25

67 2464 186 2526 octavo
209 2459 274 2523 iam
302 2479 389 2522 anno
418 2456 458 2521 ad
486 2457 672 2541 hocusque
699 2461 826 2542 tempus
847 2463 1038 2542 consumpto

66 2545 200 2611 initium
221 2543 302 2608 noni
324 2545 500 2626 occeperat.

155 2627 196 2692 X.
231 2627 278 2690 At
292 2626 348 2691 ubi
369 2628 546 2692 instructae
561 2628 650 2692 omni
665 2628 760 2692 modo
776 2627 891 2692 classes
906 2632 938 2693 et
952 2648 1040 2692 mare

68 2713 148 2780 navi
175 2713 204 2776 'o
238 2715 350 2796 patens
383 2732 489 2794 neque
523 2711 590 2775 ulla
622 2733 672 2776 res
705 2711 936 2796 impedimento
964 2716 1040 2795 erat,

70 2799 135 2882 Scy
175 2818 225 2880 as,
254 2795 311 2880 qui
338 2796 422 2860 forte
451 2795 613 2860 mercandi
641 2797 746 2882 gratia
773 2818 811 2861 eo
840 2797 1040 2880 adpulerant,
1055 2813 1079 2852 ³0
1123 2867 1125 2872 s

68 2882 250 2949 conductos
272 2881 417 2946 mercede
447 2879 542 2945 duces
562 2880 773 2963 profectionis
796 2880 863 2945 eius
885 2879 1040 2968 delegere.

67 2973 130 3053 per
152 2965 238 3031 idem
253 2969 380 3049 tempus
395 2964 556 3114 Telephus
579 2964 689 3030 dolore
705 2965 847 3030 vulneris
863 2966 940 3049 eius,
956 2965 1042 3063 quod

68 3055 107 3118 in
129 3050 255 3135 proelio
278 3049 447 3116 adversum
498 3071 610 3148 raeces
633 3053 808 3148 acceperat,
832 3050 887 3115 diu
909 3050 1043 3115 afflicta-

68 3133 356 3303 iiidinciilplolliiiiild
371 3133 677 3304 orrdddiidomldrdiidld,
700 3134 1043 3302 ddisdddirilddmpdtdqrde
1057 3233 1081 3275 aa

73 3350 279 3362 ..η-’.ψη-

144 3411 176 3458 14
195 3409 386 3458 rennueretd
460 3409 629 3458 almutium
650 3405 686 3458 0¹
727 3421 779 3472 que
798 3407 858 3456 add.
877 3409 893 3456 2
910 3423 942 3456 m.
1012 3407 1045 3456 28

71 3477 149 3528 omni
172 3475 251 3528 modo
277 3475 299 3526 θ
382 3477 415 3526 29
438 3475 549 3541 patiens
574 3474 635 3539 ΕΒ,
665 3473 773 3526 Orelliua
799 3478 911 3538 patens,
939 3472 1046 3536 nauigii

71 3546 187 3610 patiens
209 3545 236 3594 V
302 3544 335 3594 32
353 3543 543 3608 thelephusG
578 3541 699 3594 dolorem
719 3541 748 3592 G.
