2414 3946
307 163 356 212 ne
378 163 440 210 nm
462 138 593 212 uanam
617 164 691 213 car.
707 166 804 214 xxrv.
999 155 1040 220 51

68 302 129 364 diei
151 299 288 364 bifariam
309 310 371 364 lum
392 303 477 364 divisi
496 305 634 368 meridies
654 304 849 368 discernebat.
895 306 942 369 alii
962 308 1074 370 diemo

68 385 304 466 quadripertito,
325 388 377 448 sed
394 397 423 450 ei
442 397 561 452 noctem
581 388 714 452 similiter
736 390 914 452 dividebant.
951 393 1040 472 idque

68 471 255 534 consuetudo
280 480 404 534 testatur
429 472 578 545 militaris,
605 473 657 536 ubi
682 475 790 537 dicitur
813 474 908 554 vigilia
932 479 1038 556 prima,

66 558 140 618 item
147 557 286 618 secunda
302 565 330 618 el
345 558 432 618 tertia
447 566 477 618 ei
491 566 606 639 quarta.

30 650 47 698 5
133 642 209 703 Sunt
231 643 318 704 etiam
338 641 424 722 plura
446 645 543 704 noctis
564 653 593 705 ei
614 644 672 705 diei
694 652 827 725 tempora
849 644 914 707 aliis
929 646 1036 708 subno·
1049 648 1089 710 24

66 733 129 787 tata
149 727 340 806 propriisque
361 726 486 788 discreta
514 728 697 810 nominibus,
729 747 804 808 quae
825 730 903 809 apud
924 738 1038 793 veteres

66 817 172 889 poetas
192 813 303 889 passim
325 813 435 890 scripta
456 814 657 874 inveniuntur.
689 831 723 876 ea
743 815 842 875 omnia
863 814 968 876 ordine
984 834 1038 876 suo

67 913 225 974 exponam.
256 897 395 974 incipiam
417 915 432 957 a
455 904 542 958 nocte
562 897 675 968 media,
696 898 775 978 quod
790 906 908 979 tempus
928 902 1038 979 priuci-

65 980 150 1058 pium
172 987 202 1040 et
222 987 406 1058 postremum
429 989 472 1042 est
488 981 545 1043 diei
559 981 695 1043 Romani.
730 991 849 1062 tempus
871 984 950 1062 quod
970 985 1039 1045 huic

13 1073 47 1121 10
66 1065 237 1143 proximum
258 1072 304 1125 est
324 1072 447 1126 vocatur
468 1066 512 1127 de
533 1067 651 1128 media
672 1076 789 1129 nocte:
813 1070 947 1147 sequitur
963 1067 1038 1147 gal·
1056 1078 1072 1126 2

66 1146 252 1220 licinium,
280 1166 348 1210 cum
373 1148 442 1228 galli
463 1168 571 1212 canere
590 1151 749 1230 incipiunl;
781 1151 849 1213 dein
876 1155 1038 1214 contici-
1106 1209 1109 1222 ,

65 1235 184 1302 nium,
211 1251 279 1294 cum
306 1236 531 1304 conticuerunt;
567 1242 636 1296 irinc
665 1243 750 1297 ante
775 1235 911 1307 lucem,
947 1245 976 1298 et
996 1238 1038 1298 sic

65 1315 291 1389 diluculum,
316 1335 384 1378 cum
405 1317 467 1380 sole
482 1319 616 1380 nondum
637 1327 703 1379 orto
723 1322 780 1380 iam
797 1319 885 1382 lucei.
931 1339 1037 1383 secun·
1056 1332 1072 1380 3

65 1401 137 1462 dum
153 1401 315 1463 diluculum
326 1410 448 1465 vocatur
464 1422 582 1474 mane,
599 1422 667 1464 cum
682 1402 732 1465 lux
745 1404 859 1466 videtur
874 1403 937 1466 sole
951 1413 1038 1476 orto;

12 1497 45 1544 15
63 1493 135 1565 post
158 1487 216 1547 hoc
245 1486 287 1547 ad
313 1487 527 1558 meridiem;
565 1495 636 1549 lunc
662 1488 855 1560 meridies,
888 1490 968 1567 quod
994 1499 1039 1550 est

63 1571 156 1632 medii
177 1570 234 1631 diei
255 1589 378 1641 nomem
403 1572 473 1634 inde
495 1573 538 1634 dc
559 1572 737 1642 meridie;
761 1572 830 1636 hinc
852 1591 1036 1654 suprema.

64 1657 199 1735 quamvis
212 1654 332 1735 plurimi
347 1673 516 1734 supremam
531 1664 599 1736 post
614 1675 752 1719 occasum
767 1657 837 1720 solis
853 1677 917 1720 esse
933 1660 1038 1720 existi-

63 1747 163 1809 mant,
186 1742 254 1820 quia
269 1749 314 1802 esi
334 1742 364 1800 in
379 1755 432 1802 ΧΗ
446 1741 555 1802 tabulis
574 1742 719 1821 scriplum
735 1743 791 1814 sic,
813 1741 907 1804 solis
928 1762 1037 1805 occa-

64 1842 129 1884 sus
150 1842 322 1904 suprema
344 1834 545 1906 tempesias
567 1835 661 1888 esto:
696 1827 749 1888 sed
769 1835 873 1906 postea
894 1828 932 1887 M.
954 1827 1037 1888 Plae-

12 1909 160 1970 notorius
189 1909 326 1972 tribunus
352 1909 538 1991 plebiscitum
567 1910 644 1982 tulit,
677 1912 707 1971 in
737 1929 795 1990 quo
822 1913 965 1990 scriptum
992 1920 1038 1973 est

63 1993 224 2054 Praetor
250 1993 419 2056 urbanus
443 1997 506 2075 qui
528 2013 623 2056 nunc
645 2002 700 2056 est
721 1997 856 2076 quique
879 1995 1036 2075 posthac

65 2078 145 2139 inat
179 2078 250 2140 duo
278 2077 438 2141 lictores
470 2081 566 2159 apud
598 2099 636 2140 se
662 2078 799 2141 habeto
827 2080 959 2157 iusque
994 2083 1038 2141 ad

64 2181 274 2241 supremam
304 2161 361 2244 [ad
384 2163 477 2225 solem
500 2181 639 2225 occasum
660 2161 784 2244 iusque]
813 2166 913 2225 inter
937 2165 1037 2224 cives

65 2247 193 2308 dicito.
222 2255 290 2326 post
310 2265 480 2328 supremam
501 2251 635 2329 sequitur
654 2266 718 2308 ves
726 2266 832 2328 pera,
854 2255 922 2310 ante
937 2258 1071 2310 orium4

12 2341 45 2392 25
64 2330 179 2392 scilicet
199 2333 262 2393 eius
283 2331 385 2394 stellae
407 2350 496 2410 quam
518 2333 638 2395 Plautus
658 2335 899 2412 vesperuginem,
924 2333 1036 2394 Ennius

65 2519 271 2527 ———-—-

135 2637 291 2686 1.a1.us1)
309 2643 369 2687 ante
386 2651 450 2701 rae,
469 2639 576 2687 eormd
643 2635 685 2687 one
703 2637 758 2686 DV
826 2639 850 2688 3.
869 2637 1037 2688 consuetudo

63 2703 257 2765 Lacinienses,
282 2703 442 2755 snmnmruoo
463 2704 522 2754 DV
586 2706 610 2755 5.
634 2716 796 2770 ramponem
818 2719 979 2755 succurere
1000 2707 1033 2764 D,

62 2775 190 2836 tempore
208 2772 359 2822 subnotata
381 2773 409 2822 V
474 2773 499 2825 7.
519 2786 636 2822 sectere
652 2772 678 2821 D
749 2774 788 2822 11.
807 2783 959 2821 commotum
972 2773 1034 2831 DV,

63 2839 220 2888 contionum
238 2841 303 2889 coni.
322 2840 354 2888 L.
374 2841 406 2890 de
424 2839 475 2890 Iao
545 2843 584 2890 13.
606 2838 775 2890 becucucum
794 2839 832 2902 D,
858 2838 979 2889 diculum
1002 2840 1034 2899 V,

61 2922 132 2958 corn.
144 2922 176 2956 m.
188 2923 240 2957 ree.
253 2909 279 2957 in
296 2906 321 2955 V
390 2907 430 2956 14.
448 2911 508 2957 orio
525 2909 672 2957 coniectura
683 2908 775 2957 addidi
842 2907 883 2957 16.
901 2904 970 2956 mebi
981 2908 1040 2956 DV

62 2976 103 3024 19.
125 2987 192 3024 esre
206 2974 239 3035 D,
259 2977 425 3024 redoeraca
493 2989 645 3038 peccemus
664 2975 719 3025 DV
787 2976 829 3024 20.
850 2986 991 3024 socierum
1010 2975 1036 3023 D

61 3044 103 3091 21.
121 3045 215 3107 pretor
237 3042 263 3091 V
329 3043 372 3094 22.
391 3041 589 3106 luatModius,
613 3056 677 3092 enar
699 3042 754 3091 DV
820 3041 921 3092 licores
944 3042 970 3091 V

61 3111 161 3173 iusque
181 3108 218 3158 ed
230 3108 261 3159 R.
276 3109 415 3160 Sekoelliuc
432 3111 495 3174 lepis
512 3109 575 3159 XII
592 3110 668 3161 tebni.
687 3112 736 3160 rel.
752 3126 780 3174 p.
795 3112 855 3169 ce,
874 3124 953 3173 isque
972 3109 1034 3172 DV,

60 3191 149 3240 usquo
162 3177 341 3227 Laclnnannus
409 3179 450 3228 23.
470 3176 505 3226 ad
523 3177 610 3227 solem
628 3192 759 3227 occasum
776 3177 809 3227 ab
824 3179 880 3242 ipso
894 3177 1034 3232 Censorino

61 3246 213 3308 explicandi
228 3247 316 3308 pratia
334 3246 426 3295 addila
443 3259 499 3295 ecce
516 3247 663 3310 suspicatur
680 3243 820 3297 Selloellius
881 3245 922 3293 24.
941 3242 1034 3294 occano

62 3311 169 3374 (occire
193 3318 253 3362 ante
274 3310 344 3377 rae.)
368 3313 393 3361 D
466 3323 726 3377 uespecarcreouum
750 3312 788 3374 D,
818 3316 1033 3377 uesperenteeo-

59 3395 119 3429 rum
133 3381 425 3442 d,uesp·entetorum
443 3381 468 3430 V
518 3381 562 3430 25.
579 3394 720 3444 pnausrus
738 3381 773 3444 D,
792 3381 897 3431 cornil
948 3381 1033 3429 Plani.

61 3448 191 3513 Amphitr.
211 3449 228 3497 I
249 3450 270 3509 1,
293 3450 340 3496 119

785 3528 829 3591 4*
