2416 3944
8 26 14 43 r

1 107 12 130 Ο

1 152 9 306 i

353 165 466 216 esum
484 165 635 218 raonru
653 165 723 216 mn
743 155 798 215 111.'
1015 162 1055 226 67

172 399 303 483 quidem
330 397 566 482 temperaverit.
610 399 718 481 itaque
746 419 841 462 manu
867 397 975 462 oblata
995 397 1075 482 Po-v

145 505 239 548 enam
273 484 369 568 erigit
405 483 570 566 praedicta
606 483 708 567 prius
735 482 947 564 mandataque
981 504 1058 546 cura

2 366 6 380 .
88 320 188 648 {a
221 319 291 379 tum
318 315 539 388 recordatione
567 314 626 378 filii
654 335 691 378 ao
718 313 861 397 parentis
896 335 937 376 ne
964 312 1056 377 lacri-

141 567 245 634 oenioi
273 589 368 651 super
394 568 534 633 Priame.
584 567 639 631 red
666 588 722 631 rex
750 566 798 630 nil
820 588 853 630 se
875 566 981 631 luctus
1002 571 1057 630 ne-

87 668 153 802 pte
174 653 391 736 praesentium
419 652 619 716 miseriarum
644 651 854 716 remissurum
882 651 936 714 ait.
985 654 1082 715 turns

118 736 233 804 thffles
267 737 456 802 confirmare
496 758 565 800 non
600 737 689 819 prius
728 735 844 819 cupitis
878 736 946 818 eius
980 735 1057 800 satis

87 821 253 904 futurum,
291 843 387 904 quarn
423 823 548 884 mutato
585 820 619 884 in
655 820 769 884 melius
804 819 918 885 habitu
949 820 1057 884 cibum

16 918 19 933 '
87 905 188 978 etiam
210 927 317 969 secum
339 906 488 969 sumeret}
514 905 571 972 ,ita
598 927 653 968 rex
676 905 796 968 veritus
817 925 961 988 nequae
982 925 1058 968 oon-

2 1329 18 1456 t

88 1009 179 1054 cessa
204 989 395 1054 videbantur
417 989 485 1072 ipse
508 989 684 1053 recusando
713 988 896 1072 impediret,
925 988 1056 1052 demisse

88 1075 202 1140 omnia
245 1095 367 1222 uaecpue
389 1074 625 1157 imperarentur
646 1073 803 1137 facienda
816 1073 963 1138 decrevit.
993 1131 995 1138 .
1069 1097 1094 1136 ιο

174 1157 205 1222 X
237 1157 278 1222 V.
333 1159 422 1243 gitur
443 1157 499 1222 ubi
521 1179 670 1222 excussus
694 1159 793 1222 comis
821 1157 927 1241 pulvis
955 1161 1056 1222 totus-

87 1265 152 1327 que
175 1242 261 1306 lotus
283 1247 341 1324 est,
363 1242 439 1307 mox
461 1264 480 1306 a
502 1243 618 1306 iuvene
641 1239 772 1326 ipseque
795 1241 899 1325 etqui
922 1263 994 1306 oum
1017 1263 1055 1305 eo

86 1330 261 1410 venerant,
290 1327 361 1391 cibo
389 1327 579 1390 invitantur.
630 1325 705 1391 dein
737 1326 794 1389 ubi
821 1325 916 1390 saties
944 1347 1055 1390 omnes

16 1462 19 1473 .
86 1411 204 1493 tonuit,
227 1411 289 1475 hoc
304 1410 399 1475 modo
414 1410 559 1475 Achilles
575 1410 739 1475 disseruit:
760 1409 866 1494 „refer
882 1431 969 1474 nunc
990 1409 1056 1474 iam

2 1532 3 1535 ¹
83 1494 185 1576 mihi,
207 1495 352 1577 Priame,
380 1495 458 1579 quid
485 1498 613 1559 tantum
641 1515 753 1558 causae
781 1494 894 1577 fuerit,
923 1516 979 1558 cur
1004 1494 1055 1558 de·
1068 1517 1093 1556 15

2 1580 4 1612 ³
83 1579 271 1644 sicientibus
301 1579 429 1662 quidem
457 1577 548 1644 v'obis
576 1579 611 1643 in
640 1578 706 1643 dies
729 1579 829 1663 copiis
851 1579 1054 1662 militaribus,

2 1799 5 1842 t

83 1663 388 1750 ingravescentibus
415 1668 523 1728 autem
553 1663 788 1728 calamitatibus
810 1667 907 1747 atque
932 1685 1055 1728 aerum·

84 1748 139 1812 nis
161 1746 321 1812 Helenam
343 1752 452 1812 tamen
474 1749 509 1811 in
529 1746 722 1813 hodiernum
742 1747 943 1812 retinendam
965 1752 1055 1832 pute-

84 1833 130 1896 tis
159 1853 266 1916 neque
286 1831 376 1896 velut
397 1835 493 1898 conta
518 1832 624 1897 'onem
645 1832 778 1897 infausti
799 1833 915 1896 ominis
937 1854 1054 1914 propu-

83 1915 214 2002 leritis?
265 1937 361 1999 quam
394 1915 571 2000 prodiisse
605 1917 744 2000 patriam
776 1920 988 2000 parentesque
1022 1921 1055 1980 et
1067 1940 1092 1978 ro

84 2000 177 2084 quod
203 2000 464 2085 indignissimum
491 2001 637 2064 omnium
665 2005 713 2064 est
744 1999 859 2064 fratres
893 2001 1054 2064 sanctissi-

80 2095 159 2149 mos
186 2085 412 2170 cognoveritis.
450 2106 589 2168 namque
617 2083 652 2146 hi
673 2084 812 2148 execrati
833 2083 959 2148 facinus
977 2083 1054 2148 'eius

80 2191 133 2234 ne
148 2199 150 2204 ·
165 2170 200 2232 in
234 2169 385 2234 militiam
423 2168 553 2253 quidem
586 2168 754 2234 nobiscum
790 2168 1053 2248 coniuraverunt:

76 2253 288 2338 scilicetne,
312 2275 407 2338 quam
430 2254 534 2318 audiri
559 2252 754 2317 incolumem
775 2252 915 2335 nollent,
945 2253 974 2317 ei
996 2275 1054 2336 per
1079 2319 1081 2324 ,

73 2362 115 2406 se
142 2335 282 2403 reditum
304 2339 338 2401 in
361 2338 500 2424 patriam
522 2341 721 2421 quaererent.
766 2359 836 2402 eam
857 2338 958 2422 igitur
980 2359 1052 2401 cum
1065 2361 1090 2400 25

72 2422 263 2490 cerneretis
278 2423 363 2486 malo
379 2422 524 2487 omnium
540 2422 702 2486 civitatem
719 2421 888 2486 intravisse
903 2426 1052 2504 vestram,

69 2530 154 2575 non
177 2506 338 2578 eiecistis?
360 2528 428 2571 non
450 2528 523 2570 cum
546 2506 810 2586 detestationibus
833 2509 923 2570 extra
944 2528 1053 2570 muros

66 2591 249 2679 prosecuti
266 2590 371 2656 estis?
399 2590 476 2674 quid
498 2591 547 2655 illi
568 2611 670 2674 senes
686 2612 822 2674 quorum
844 2591 927 2656 filios
942 2611 1054 2738 pupna

67 2683 113 2744 in
142 2675 211 2741 dies
234 2674 387 2740 conficit?
413 2697 522 2740 nonne
545 2675 649 2739 adhuc
670 2681 898 2758 persenserunt
919 2697 979 2740 ean
1002 2697 1053 2738 em

68 2763 215 2828 causam
238 2760 380 2824 extitisse
402 2763 567 2824 tantorum
594 2759 770 2824 funerum?
797 2761 884 2824 itane
907 2780 989 2844 ergo
1007 2759 1052 2822 di·
1064 2781 1090 2822 so

67 2846 208 2911 vinitus
237 2844 329 2908 vobis
358 2865 469 2921 eversa
496 2865 586 2908 mens
615 2849 677 2926 est,
706 2849 743 2907 ut
769 2845 877 2907 nullus
904 2844 939 2906 in
960 2846 1052 2908 tanta

70 2930 216 2995 civitate
245 2929 379 3011 reperiri
406 2929 521 3012 possit,
578 2927 611 2991 ui
639 2928 804 2992 fortunam
832 2927 971 2993 labentis
997 2950 1052 3011 pa·

69 3015 166 3080 triae
183 3013 295 3076 dolens
311 3011 350 3076 de
363 3013 505 3096 pernicie
520 2950 650 3096 publica
665 3033 738 3076 oum
753 3013 851 3077 exitio
867 3013 935 3077 eius
949 3015 1051 3076 trans-

155 3169 170 3215 1
189 3165 263 3218 filiae
283 3169 349 3217 etJ’
411 3167 581 3232 3praedioto
600 3169 707 3217 coniecit
723 3167 896 3232 Wopkeneius
958 3168 975 3215 4
992 3175 1052 3230 port

67 3238 197 3288 Priamo
224 3233 364 3294 Obrerttus
395 3251 431 3284 ex
460 3237 520 3285 edit.
553 3235 660 3285 Mediol.
691 3237 790 3298 recepit
821 3241 852 3284 ut
879 3233 1051 3284 delutaretur

66 3310 85 3356 6
114 3302 196 3354 satis
220 3317 266 3352 om.
288 3301 335 3352 GB
358 3302 434 3352 habet
457 3303 483 3351 P
566 3305 580 3350 ‘1
604 3301 743 3351 fauturum
767 3303 824 3361 (om.
848 3300 931 3365 satis)
955 3302 1052 3367 Peiper

66 3379 84 3428 9
108 3369 229 3423 dedisse
245 3369 292 3419 ΕΒ
310 3385 356 3420 om.
371 3371 396 3418 P
411 3386 465 3420 cum
482 3371 554 3430 stone
572 3374 679 3420 lacunae
710 3369 826 3419 demisse
844 3371 952 3420 coniecit
963 3371 1050 3418 Dede·

64 3441 171 3494 piem
231 3439 263 3486 14
276 3437 331 3486 iam
348 3451 422 3486 nuno
439 3439 479 3489 ed.
494 3437 563 3490 Orat.
629 3439 660 3486 19
673 3437 875 3499 contagioneG
904 3437 1049 3498 contagio—

62 3524 141 3562 nem
163 3501 440 3579 Blpe'rpuleritisti
465 3503 580 3570 propB
640 3504 836 3554 sororiantes
852 3502 1047 3553 maeuitrediro..
1099 3559 1103 3564 ι

858 3587 896 3644 5*
