2416 3944
342 189 455 240 nnnnr
472 189 627 242 raoruur
645 189 716 240 nra.
734 191 772 245 11.
892 265 899 278 ι
1001 191 1043 256 35

69 361 146 424 pam
169 339 300 423 quidem
322 361 341 403 a
363 337 492 421 Sidona,
515 338 725 420 Ganymeden
752 360 790 402 ex
812 340 900 405 hisce
923 342 1042 408 finibus

72 429 169 508 atque
191 424 328 507 imperio
350 443 462 507 rapere
484 421 634 487 licuerit?
662 423 740 506 quid
759 421 929 490 Medeam?
951 433 961 490 i
986 449 1043 492 no·

70 510 192 574 ratisne
215 531 234 572 a
256 507 384 574 Colchis
406 508 441 572 in
463 507 624 572 Iolcorum
645 507 726 572 fines
748 449 987 576 transvecuml
1011 517 1044 578 et

69 615 111 743 ἓξ
133 593 510 762 ddfflthttl
513 592 1068 762 {tetragramum

68 769 168 828 tenus
183 762 351 828 vobiscum
366 762 471 826 verbis
486 765 608 826 aetum:
631 765 665 826 at
680 763 743 825 nisi
764 784 835 827 mox
858 785 931 828 oum
954 764 1043 830 omni

70 849 171 914 classe
195 869 234 912 ex
255 847 342 912 hisee
364 847 443 912 locis
466 846 672 944 aufugeritis,
695 847 910 933 iamiamque
933 847 1043 914 Troia-

68 955 148 998 nam
177 933 329 997 virtutem
357 954 394 996 ex
418 931 580 996 eriemim:
616 931 704 996 domi
739 931 858 1015 quippe
892 934 1042 998 iuventus

68 1016 176 1102 perita
198 1017 275 1081 belli
297 1017 384 1082 abun
406 1017 538 1081 euobis
561 1018 618 1098 est,
641 1019 737 1100 atque
760 1015 794 1080 in
817 1016 884 1080 dies
907 1018 1043 1083 auxilio·

69 1125 144 1167 rum
158 1103 272 1166 crescit
285 1103 468 1166 numerus“.
495 1104 666 1185 postquam
677 1102 775 1164 finem
787 1101 940 1185 loquendi
954 1102 1041 1187 fecit,
1056 1123 1081 1162 10

70 1185 185 1252 Ulixes
199 1186 325 1270 placida
339 1187 485 1252 oratione
500 1189 555 1270 „et
569 1184 715 1249 hercules
730 1185 887 1250 ulterius“
902 1189 947 1251 ait
961 1188 1042 1270 „dif-

72 1271 152 1336 ferri
173 1271 359 1338 inimicitias
374 1270 461 1336 haud
482 1271 644 1356 integrum
659 1269 751 1334 vobis
767 1273 831 1334 est:
854 1269 927 1335 date
942 1271 1043 1356 igitur

69 1356 148 1422 belli
171 1355 301 1440 signum
329 1359 425 1440 atque
452 1360 490 1420 ut
516 1357 551 1420 in
573 1353 748 1419 inferendis
770 1353 913 1438 iniuriis,
942 1355 988 1419 ita
1011 1361 1043 1420 et

70 1442 105 1506 in
134 1438 318 1505 inchoando
341 1440 470 1530 proelio
503 1441 558 1504 fite
588 1441 749 1503 auctores:
778 1458 838 1502 nos
871 1461 1042 1524 sequemur

70 1525 240 1589 lacessiti“.
281 1525 399 1590 talibus
421 1525 560 1589 invicem
585 1522 785 1606 consumptis
808 1524 914 1588 verbis
941 1524 1040 1610 legati
1054 1543 1079 1584 rs

71 1609 207 1674 consilio
230 1610 359 1678 abeunt.
405 1630 441 1674 ac
469 1629 545 1673 mor
565 1629 624 1692 per
645 1607 802 1692 populum
825 1607 1040 1675 disseminatis

71 1715 152 1777 quac
174 1693 344 1759 adversum
365 1695 490 1780 legatos
505 1694 632 1756 Aeneas
650 1692 783 1775 dixerat,
805 1694 963 1758 tumultus
980 1695 1041 1759 ori-

70 1783 123 1842 tur
145 1778 269 1843 scilioet
288 1800 347 1862 per
369 1799 443 1843 eum
464 1777 649 1841 universam
667 1777 788 1842 Priami
811 1777 942 1843 domum
965 1779 1040 1845 odio

71 1863 164 1948 regni
179 1863 248 1927 eius
285 1862 401 1927 essimo
423 1860 644 1928 intercedendi
659 1862 805 1945 exemplo
822 1882 968 1927 eversum
989 1864 1039 1928 iri.

154 1945 217 2012 XX
268 1947 292 2012 l.
334 1947 351 2011 I
375 1947 441 2013 itur
469 1945 524 2012 ubi
551 1945 651 2031 legati
679 1944 719 2009 ad
748 1947 923 2011 exercitum
952 1968 1038 2013 reve·
1052 1967 1078 2007 ro

70 2053 162 2115 nere,
198 2031 322 2096 cunctis
352 1967 488 2099 ducibus
523 2029 608 2094 dicta
640 2034 793 2114 gestaque
826 2028 1039 2097 Troianorum

71 2116 239 2180 adversum
261 2137 295 2180 se
317 2119 492 2201 exponunt.
529 2115 639 2197 itaque
661 2113 852 2195 decernitur,
874 2114 924 2178 uti
944 2113 1040 2200 Poly-

71 2200 184 2266 dorum
206 2201 241 2266 in
257 2205 430 2284 conspectu
446 2201 590 2266 omnium
612 2202 709 2280 atque
729 2202 804 2262 ante
826 2197 915 2281 ipsos
930 2221 1039 2264 muros

71 2290 231 2350 necarent.
275 2307 380 2369 neque
415 2286 550 2350 ulterius
584 2283 721 2348 dilatum
746 2283 886 2355 facinus:
920 2284 1039 2369 qnippe

71 2369 245 2454 productus
266 2369 302 2435 in
323 2370 465 2435 medium
487 2368 665 2435 visentibus
694 2389 733 2431 ex
754 2367 855 2432 muris
876 2368 1038 2452 plerisque
1052 2386 1078 2426 2⁵

70 2453 210 2519 hostium
233 2454 393 2538 lapidibus
421 2455 504 2520 ictus
531 2454 693 2518 fraternae
721 2453 896 2538 impietatis
917 2475 1038 2536 poenas

71 2539 138 2603 luit.
177 2560 313 2604 aemon
335 2561 418 2604 unus
441 2560 480 2603 ex
501 2537 714 2622 praeconibus
736 2536 922 2602 nuntiatum
943 2537 1039 2602 Ilien-

72 2623 155 2687 sibus
176 2624 328 2708 mittitur,
350 2625 399 2688 uti
420 2622 619 2708 Polydorum
641 2621 860 2705 sepeliendum
882 2625 1038 2706 peterent.

71 2707 624 2878 ddtqlstttthttllhtt
637 2707 835 2875 hartel
850 2708 949 2854 {fill
968 2707 1039 2855 {1⁰13
1050 2807 1078 2850 u

70 2873 219 2942 Hecubae
241 2876 349 2942 refert.
386 2879 517 2944 interim
536 2879 620 2942 Aiax
640 2876 861 2954 Telamonius,
889 2895 930 2938 ne
959 2873 1037 2957 quid

74 2961 215 3042 quietum
247 2962 395 3027 finitimis
427 2962 542 3027 Troiae
575 2959 762 3046 regionibus
795 2962 890 3041 atque
926 2959 1036 3024 amicis

70 3045 318 3131 relinqueretur,
353 3047 515 3113 hostiliter
547 3068 600 3110 eas
633 3045 795 3130 ingressus
825 3045 953 3123 Petyam
983 3042 1038 3106 Ze-

69 3157 271 3170 “Quen-n—

137 3200 243 3254 XXVII
260 3201 359 3253 Malal.
380 3203 428 3252 129
447 3201 563 3253 Cedren.
582 3201 604 3250 P
624 3201 681 3251 127.

67 3291 270 3305 -Q—-u—-u—

136 3339 151 3388 2
169 3337 215 3403 qui
229 3337 277 3388 GB
300 3336 367 3403 quid
379 3336 433 3386 PV
482 3339 497 3388 3
517 3335 621 3386 cholcis
636 3335 658 3385 G
677 3333 781 3384 colchis
794 3332 820 3382 B
836 3332 840 3396 Ι
854 3332 1040 3384 lolchorumG

66 3401 225 3455 colchorum
236 3403 271 3453 B.
324 3407 340 3455 ‘1
352 3405 462 3469 iamque
477 3403 524 3454 GB
553 3403 730 3466 iamiamque
747 3402 779 3450 V.
799 3399 1038 3453 utuoluitOrellius

65 3469 203 3537 Squippe
227 3471 330 3523 auxilio
355 3471 403 3522 GB
438 3470 541 3522 auxillo
564 3477 634 3521 recte
656 3486 703 3521 om.
727 3469 751 3518 Α
821 3469 960 3520 291deus
989 3466 1037 3518 GB

65 3536 104 3586 32
121 3553 176 3604 reg.
195 3541 241 3594 Tr.
265 3539 300 3590 θ’
353 3542 386 3591 33
404 3539 524 3590 botirum
543 3538 690 3602 cillamque
711 3536 758 3586 ΕΒ
776 3552 851 3587 σονν.Δ
867 3535 1034 3587 Dedericlrue.

844 3619 881 3668 3*
