2414 3946
326 187 374 233 nn
397 186 458 233 niu
481 186 613 234 utrum
635 186 709 234 one.
726 188 784 234 xx.
998 173 1039 236 41

67 325 160 386 rudes
188 327 359 387 etiamtum
382 326 439 387 sibi
459 343 594 406 quaeque
614 325 794 396 statuebant,
826 333 884 387 tam
908 329 987 388 inter
1008 347 1041 390 se

69 411 243 488 discrepent
265 428 352 489 quarn
375 429 441 471 cum
463 409 515 471 itto
532 410 659 471 naturali
679 428 739 471 non
761 413 943 489 congruant?
968 415 1041 473 etin

67 498 204 574 Aegypto
221 494 340 572 quidem
357 495 591 575 antiquissimum
608 495 707 556 ierunt
727 513 838 556 annum
854 504 1040 558 menstruum

67 579 175 650 fuisse,
207 586 275 658 post
301 579 408 640 deinde
435 579 471 640 ab
498 579 585 640 Isone
611 597 682 656 rege
707 579 976 659 quadrimenstrem
998 581 1040 642 ia-

30 671 166 734 octum,
190 663 349 726 novissime
371 665 515 724 Arminon
537 664 573 723 ad
593 678 661 724 xm
681 682 800 726 menses
822 672 852 725 et
873 664 936 725 dies
957 666 1040 745 quin-

68 766 128 827 que
151 748 336 826 perduxisse.
367 749 437 809 item
458 750 489 809 in
511 747 619 810 Achaia
639 748 767 810 Arcades
789 750 967 810 trimestrem
988 759 1076 810 aut

67 850 141 893 num
158 832 255 911 primo
276 832 416 894 habuisse
432 832 583 904 dicuntur,
606 839 636 893 et
650 832 688 893 ob
704 832 733 893 id
748 833 925 912 proseIenoe
941 834 1041 915 appel·

68 916 136 986 lati,
167 933 244 986 non,
275 925 308 977 ut
328 917 447 996 quidam
466 924 586 995 putant,
618 917 696 996 quod
719 919 1040 997 antesintnatiquam

67 1000 158 1062 lunae
180 1006 292 1062 astrum
313 1000 395 1062 caelo
416 1009 508 1072 esset,
533 1001 585 1061 sed
607 1001 686 1081 quod
708 1003 791 1080 prius
811 1001 968 1063 habuerint
988 1022 1041 1064 an·

9 1097 48 1146 10
69 1104 142 1146 num
165 1103 257 1162 quom
278 1086 302 1145 is
322 1087 353 1146 in
369 1086 493 1147 Graecia
508 1086 544 1147 ad
560 1085 649 1147 lunae
664 1103 785 1147 cursum
802 1089 1040 1148 constitueretur,

67 1177 139 1231 sunt
165 1171 217 1249 qui
240 1170 362 1230 tradunt
387 1170 466 1230 huno
492 1188 600 1232 annum
628 1173 806 1232 trimestrem
829 1171 933 1232 Horon
959 1174 1077 1233 iusti-o

67 1256 178 1324 tuisse,
207 1273 300 1334 eoque
322 1273 374 1315 rer
395 1262 535 1316 aestatem
561 1264 736 1317 autumnum
757 1255 886 1316 hiemem
902 1256 991 1316 horas
1013 1265 1042 1318 et

67 1356 182 1400 annum
197 1341 295 1400 boren
311 1339 383 1409 dici,
413 1346 443 1400 et
457 1341 588 1402 Graecos
608 1338 729 1400 annales
744 1339 849 1410 toruo,
878 1357 1041 1420 eorumque

67 1423 234 1502 scriptores
254 1423 469 1503 horographos.
505 1425 602 1504 itaque
618 1431 756 1502 quattuor
772 1441 916 1484 annorum
934 1427 1040 1486 circui-

13 1519 49 1568 15
68 1517 134 1569 tum
159 1509 189 1567 in
216 1508 336 1569 modum
358 1509 570 1588 pentaeteridis
597 1525 705 1570 annum
732 1526 870 1586 magnum
894 1508 1039 1570 dicebant.

68 1593 161 1654 Cares
188 1598 285 1654 autern
313 1601 343 1654 et
363 1595 532 1654 Acarnanes
558 1601 738 1654 semenstres
758 1592 928 1654 habuerunt
949 1599 1076 1655 annos?

69 1685 99 1737 et
114 1678 194 1738 inter
209 1695 241 1738 se
257 1677 427 1746 dissimiles,
450 1675 557 1756 quibus
572 1675 692 1739 alternis
707 1678 770 1738 dies
785 1687 978 1756 augescerent
993 1689 1043 1740 aut

67 1771 276 1834 senescerent,
309 1779 419 1840 eosque
446 1763 620 1822 coniunctos
647 1761 726 1823 velut
752 1762 904 1824 trieterida
931 1781 1041 1824 annum

67 1863 223 1924 magnum.

15 1939 51 1988 20
137 1929 196 1992 Sed
222 1937 254 1991 ut
279 1930 335 1992 hos
361 1947 454 1992 annos
481 1931 614 1991 omittam
641 1930 764 2010 caligine
792 1932 848 1992 iam
874 1930 1039 2010 profundae
1052 1931 1093 1993 20

70 2017 227 2076 vetustatis
248 2014 408 2086 obductos,
435 2018 466 2075 in
487 2015 533 2075 his
555 2033 688 2094 quoque,
715 2017 849 2093 quisunt
870 2017 1042 2077 recentioris

71 2101 236 2161 memoriae
256 2106 286 2160 et
306 2100 341 2160 ad
366 2118 488 2161 cursum
510 2099 597 2160 lunae
620 2098 666 2160 vei
681 2097 750 2160 solis
771 2100 910 2167 instituti,
934 2108 1042 2179 quanta

71 2187 110 2245 sit
130 2187 257 2246 varietas
288 2183 372 2245 iaciie
401 2192 446 2244 est
466 2201 661 2263 cognoscere,
692 2185 804 2261 siquis
827 2183 870 2245 vei
899 2185 929 2243 in
955 2185 1042 2245 unius

70 2267 173 2329 ltaliae
191 2267 336 2344 gentibue,
354 2287 392 2328 ne
408 2268 501 2329 dicam
518 2269 693 2348 peregrinis
711 2268 778 2328 velit
792 2269 952 2348 inquirere.
975 2287 1042 2329 nam

142 2592 166 2640 1.
190 2602 243 2640 ram
266 2589 292 2639 D
361 2591 387 2639 2.
410 2593 583 2655 congregant
609 2589 645 2648 V,
668 2604 737 2642 corr.
760 2606 790 2640 m.
810 2593 826 2638 2
848 2593 875 2640 in
896 2605 976 2655 muro.

72 2661 98 2709 3.
117 2662 286 2708 menstruum
304 2658 371 2710 coni.
390 2657 500 2715 Iobates,
525 2669 677 2708 meusrnem
703 2658 757 2720 (em
775 2660 801 2707 in
818 2673 871 2710 rus.
891 2660 965 2708 trium
983 2656 1044 2719 titt.)

71 2725 110 2782 D,
132 2725 312 2776 bimenstrem
334 2725 372 2788 V,
394 2725 555 2775 bimestrem
579 2727 651 2789 oulyo
720 2725 745 2777 5.
769 2736 933 2775 nouissimus
951 2725 977 2774 D

71 2807 130 2843 1111
149 2808 162 2838 e
179 2793 218 2854 D,
246 2807 315 2842 x111·
338 2791 363 2842 V
430 2793 455 2846 6.
478 2791 507 2841 in
530 2791 623 2841 edieia
649 2791 675 2842 V
741 2793 926 2842 trimenstrem
952 2792 980 2841 V

74 2862 98 2911 7.
117 2874 300 2925 pnosenereu
317 2860 351 2922 Ι),
368 2875 451 2976 frose
470 2859 561 2926 lenem
583 2860 611 2908 V
676 2873 883 2925 eppennarreur
895 2858 929 2918 D,
949 2859 1044 2923 appel·

74 2928 117 2978 lat
135 2927 164 2977 id
182 2932 214 2976 ut
230 2929 259 2985 d,
284 2927 367 2993 appel
379 2931 435 2976 ont·
458 2927 490 2978 Id
507 2931 539 2975 ut
560 2927 586 2975 V
652 2929 678 2978 9.
703 2928 782 2978 coelo
804 2927 829 2976 V
897 2928 1045 2990 tequam

72 3011 121 3048 om.
143 2994 200 3044 DV
247 2994 290 3045 his
312 2995 338 3044 V
387 3009 666 3045 cousrtnuaeaeurun
683 2995 722 3057 D,
742 2995 976 3045 constituerentur
994 2995 1047 3045 dV

75 3063 115 3112 11.
134 3063 322 3113 trimenstrem
344 3061 371 3111 V
439 3064 478 3111 12.
502 3062 584 3112 horus
602 3061 670 3122 DV,
697 3059 771 3126 ὥρα(
789 3065 861 3128 uulgo
933 3064 973 3114 13.
996 3062 1043 3112 ho·

73 3143 125 3180 ron
144 3144 190 3180 om.
209 3130 272 3194 DV,
292 3127 368 3194 ὧρον
386 3131 458 3195 υιιῑρο
527 3144 625 3196 grecos
647 3130 682 3194 V,
700 3145 770 3180 corr.
788 3147 820 3181 m.
837 3146 891 3181 rec.
960 3129 1045 3179 horus

73 3197 142 3257 DV,
166 3195 258 3261 ὥρους
281 3203 351 3263 vulno
422 3211 528 3263 eorum,
552 3200 643 3248 ommno
666 3212 733 3263 que,
761 3198 789 3247 V
854 3199 896 3247 14.
920 3211 1044 3247 senuero-

74 3280 124 3316 nes
143 3263 169 3314 D
234 3262 421 3329 ώρογράφου(
438 3268 510 3330 outyo
579 3278 705 3316 ctecurru
722 3266 781 3315 DV
846 3267 886 3316 15.
904 3264 1044 3330 peneshe-

74 3331 181 3384 reetbts
194 3332 252 3382 DV
318 3335 358 3383 16.
372 3335 527 3383 semtsrnes
539 3331 565 3381 D
635 3336 675 3384 17.
690 3336 717 3383 et
730 3348 830 3383 erasum
841 3335 868 3383 in
880 3333 917 3392 D,
930 3333 1006 3382 babet
1022 3333 1046 3382 V

74 3403 115 3455 18.
129 3398 346 3452 eueherentur)
415 3403 457 3452 20.
475 3399 630 3450 omitamV
680 3401 869 3466 conterneml)
938 3403 979 3454 tt.
998 3415 1045 3450 no·

73 3468 353 3530 unsuaros1)‚corr.
373 3469 392 3518 d
460 3481 643 3519 neceurrones
662 3469 687 3517 D
