2424 3938
283 225 331 280 DE
350 224 498 282 EXCIDIO
518 227 654 284 TROIAE
673 228 855 285 HISTORIA.
1024 231 1068 296 33

76 393 142 457 que
170 369 302 452 lboiani
333 370 374 434 ad
400 369 550 436 Hectoris
578 372 782 455 sepulchrum
813 374 949 458 profecti
982 380 1067 440 sunt.

77 459 198 544 quibus
221 457 335 524 obvius
358 459 400 524 fit
421 458 578 524 Achilles:
601 459 798 544 Polyxenam
822 464 1067 548 contemplatur,

76 548 152 634 figit
180 548 338 630 animum,
366 569 473 612 amare
498 547 705 613 vehementer
731 572 802 615 eam
830 551 944 635 coepit.
988 556 1067 617 tunc

77 637 195 701 ardore
223 636 396 720 conpulsus
420 636 565 702 odiosam
592 637 626 700 in
650 659 758 704 amore
783 640 883 704 vitam
907 641 1068 705 consumit

79 728 113 789 et
141 744 236 810 aegre
264 725 388 789 ferebat
415 725 600 809 ademptum
627 726 797 811 imperium
827 727 1093 814 Agamemnonis

82 814 207 898 sibique
247 810 452 878 Palamedem
492 815 720 898 praepositum.
784 821 917 902 cogente
960 838 1068 882 amore

80 901 224 986 Phrygio
256 923 349 967 servo
379 901 565 968 fidelissimo
597 904 751 969 mandata
782 905 838 969 dat
869 905 1001 970 ferenda
1028 906 1069 971 ad

81 989 250 1056 Hecubam
278 994 310 1054 et
337 991 378 1055 ab
409 1012 447 1054 ea
478 990 540 1055 sibi
571 1013 702 1056 uxorem
730 989 932 1077 Polyxenam*
949 995 1067 1079 poscit:

81 1079 110 1144 si
134 1079 271 1161 dederit,
303 1101 337 1144 se
364 1101 437 1144 cum
461 1080 527 1144 suis
549 1079 806 1164 Myrmidonibus
834 1082 965 1147 domum
988 1083 1069 1148 redi·

79 1171 207 1251 turum,
230 1167 317 1258 quod
335 1189 409 1232 cum
427 1168 497 1251 ipse
514 1168 638 1252 fecerit,
662 1174 785 1234 ceteros
803 1193 900 1255 porro
920 1171 1067 1244 ductores
1083 1191 1109 1229 10

80 1257 169 1321 idem
191 1256 343 1321 facturos.
380 1277 490 1321 servus
512 1257 725 1340 proficiscitur
747 1259 788 1323 ad
808 1257 975 1324 Hecubam
995 1283 1069 1325 con·

81 1345 174 1409 venit
196 1344 350 1409 mandata
377 1345 462 1410 dicit.
507 1343 642 1411 Hecuba
668 1347 836 1430 respondit
861 1349 943 1412 velle
967 1370 1014 1430 se,
1043 1349 1071 1411 si

81 1432 213 1498 Priamo
244 1434 372 1516 placeat
407 1433 476 1498 viro
509 1456 581 1499 suo:
619 1435 696 1499 dum
732 1435 804 1519 ipsa
835 1457 907 1522 cum
940 1436 1069 1502 Priamo

83 1526 175 1608 agat,
212 1543 339 1588 servum
375 1523 493 1586 reverti
528 1523 626 1587 iubet.
686 1545 796 1589 servus
835 1524 953 1590 Achilli
994 1525 1071 1611 quid

82 1611 187 1696 egerit
209 1611 347 1676 nuntiat.
397 1610 627 1697 Agamemnon
661 1633 734 1676 cum
761 1634 881 1699 magno
915 1615 1072 1679 comitatu
1086 1629 1113 1671 15

63 1699 125 1764 'ad
153 1702 260 1764 castra
285 1699 464 1764 revertitur.
510 1698 644 1766 Hecuba
672 1722 745 1766 oum
771 1700 902 1768 Priamo
930 1703 969 1766 de
996 1724 1071 1768 con·

83 1788 210 1854 dicione
229 1787 366 1852 Achillis
389 1788 603 1872 conloquitur.
640 1788 787 1854 Priamus
810 1791 981 1876 respondet
1003 1791 1072 1855 fieri

83 1896 152 1941 non
174 1897 293 1960 posse,¹
307 1897 374 1940 non
396 1877 482 1958 ideo,
506 1877 687 1961 quodcum
710 1876 880 1962 indignum
906 1879 1072 1942 adfinitate

83 1964 261 2048 existimat,
284 1964 340 2030 sed
363 1965 391 2028 si
410 1965 439 2028 ei
462 1964 585 2029 dederit
604 1969 637 2030 et
658 1965 728 2049 ipse
749 1965 931 2031 discesserit
949 1970 1072 2032 ceteros

82 2073 153 2118 non
183 2051 379 2118 discessuros
407 2057 440 2117 et
466 2053 613 2138 iniquum
640 2075 710 2118 esse
736 2054 837 2119 filiam
864 2075 956 2120 suam
985 2055 1073 2120 hosti
1087 2072 1115 2112 20
1148 2091 1149 2094 =

84 2141 290 2226 coniungere.
343 2145 539 2226 quapropter
569 2143 597 2206 si
626 2142 659 2206 id
688 2143 758 2208 fieri
787 2144 878 2226 velit,
909 2165 973 2227 pax
1002 2164 1072 2227 per-

84 2233 185 2312 petua
207 2229 277 2313 fiat,
301 2233 333 2294 et
356 2230 514 2295 exercitus
537 2230 694 2313 discedat,
723 2231 835 2296 foedus
858 2232 927 2296 iure
951 2231 1073 2297 sancia·

30 2345 34 2350 ·
84 2322 153 2382 tur:
177 2318 205 2382 si
227 2318 260 2383 id
282 2317 404 2383 factum
425 2318 480 2400 sit,
504 2339 537 2382 se
560 2318 609 2383 illi
631 2319 731 2384 filiam
754 2320 892 2385 libenter
915 2318 1074 2385 datiuum.

160 2528 231 2582 lad
250 2544 307 2597 sep.
325 2527 386 2582 eius
401 2526 428 2582 G
498 2527 591 2584 afuit
607 2528 687 2594 libri,
705 2529 738 2584 fit
757 2531 910 2585 Merca-ius
982 2536 1073 2584 Sam.

85 2615 152 2654 eam
169 2598 233 2654 neh.
252 2597 375 2665 Gltnm
394 2613 419 2654 a.
438 2597 566 2668 inpulsus
585 2599 612 2654 G
682 2601 845 2657 tediosam
861 2600 920 2658 LG
955 2601 1103 2658 otiosam.

84 2669 242 2753 Licitani
264 2669 295 2724 in
318 2684 413 2723 amore
436 2667 463 2723 G
502 2685 664 2725 consumere
687 2671 780 2740 coepit
803 2672 829 2726 G
900 2679 917 2726 b
942 2688 1008 2743 egre
1026 2671 1071 2740 Gt

84 2755 306 2870 liidilnrbublmiil
322 2738 676 2893 {omapdbtdodttbidlerldd
688 2742 1077 2894 &miliaril'itllicenduiadli

86 2887 104 2936 9
124 2882 150 2936 si
168 2880 292 3006 dederit}
303 2880 358 2935 hoc
377 2898 401 2936 ει
424 2881 475 2935 fiat
492 2880 577 2936 fidem
596 2880 621 2935 G
637 2884 642 2948 Ι
657 2881 872 2937 mrrmrdonibus
890 2881 948 2937 LG
963 2885 967 2951 Ι
983 2882 1076 2938 reddr-

84 2955 185 3008 turnm
206 2951 234 3006 L
294 2951 438 3007 abiturum
460 2950 487 3006 G
575 2959 608 3006 10
633 2951 693 3028 ipse
722 2968 772 3008 orn.
796 2952 822 3008 G
842 2955 846 3020 l
866 2969 949 3022 porro
974 2969 1025 3008 om.
1051 2952 1078 3008 G

162 3035 190 3068 Μ

87 3084 122 3133 11
152 3076 262 3131 futuros
285 3074 312 3129 L
333 3077 337 3144 l
358 3073 482 3130 uenitL
524 3091 587 3130 cnm
616 3073 695 3131 uenit
717 3075 745 3130 B
824 3082 856 3131 12
883 3075 955 3131 dixit
976 3076 1002 3130 L
1023 3077 1026 3148 l
1048 3094 1077 3132 se

86 3147 140 3204 sed
161 3147 186 3204 si
203 3147 230 3200 L
303 3152 335 3201 13
354 3145 416 3200 uiro
440 3164 461 3201 s.
484 3145 523 3218 pl.
544 3145 570 3201 G
644 3153 677 3202 14
695 3147 970 3218 seruus—nuntiat]
986 3145 1079 3201 Phiux

85 3219 115 3272 L
190 3223 224 3273 16
247 3217 282 3274 de
306 3216 386 3273 cond.
409 3216 470 3272 ach,
494 3233 517 3272 c.
541 3217 634 3288 pr.G
707 3224 739 3273 17
760 3217 905 3290 respondit
922 3217 950 3272 L
985 3234 1033 3273 rex
1051 3217 1080 3273 G

84 3306 139 3346 nos
161 3288 314 3358 respondet
387 3293 420 3344 18
438 3287 503 3342 ideo
521 3303 572 3344 oro.
591 3288 618 3342 L
637 3288 641 3360 Ι
662 3288 719 3343 ind.
743 3306 806 3346 eum
828 3287 874 3345 aff.
893 3288 1034 3344 existimet
1052 3290 1080 3344 G

84 3377 154 3417 eum
172 3359 231 3416 ind.
245 3362 266 3414 t.
285 3357 341 3414 adl.
360 3361 516 3413 extremum
534 3360 664 3415 aestimet
677 3360 704 3413 L
775 3365 809 3416 20
827 3357 973 3429 hospitiL
1044 3367 1080 3415 21

84 3483 177 3540 uellet
202 3483 282 3551 libri,
308 3498 359 3537 nos
383 3482 453 3538 velit
529 3489 563 3538 22
586 3435 667 3539 fierit
690 3484 716 3537 L
761 3484 812 3538 fiat
838 3486 867 3539 et
887 3482 913 3540 G
932 3483 938 3556 Ι
958 3484 1083 3540 foederis·

83 3556 151 3610 iura
170 3554 197 3610 G
213 3556 216 3623 Ι
234 3554 411 3609 sanctientur
428 3553 462 3609 G.

142 3653 226 3694 Dura
241 3653 373 3694 Pnrorna.
902 3648 919 3698 8
