2424 3938
282 210 331 267 nn
350 211 500 267 nxcimo
521 179 658 266 raone
677 211 883 284 mareau„
977 277 979 279 ,
1020 211 1063 274 41

64 361 214 426 insidias
230 350 415 440 ¹collocare,
453 357 531 421 satis
569 357 630 422 sibi
652 356 777 420 uictum
810 377 892 440 esse,
932 355 959 419 si
991 377 1064 420 eum

66 449 246 516 occideret.
287 446 372 531 quod
395 449 626 529 temptaturum
651 466 683 509 se
702 444 885 509 Alexander
907 445 1065 527 promisit.

64 541 177 604 noctu
210 536 249 600 de
286 533 426 600 exercitu
458 534 621 619 eliguntur
657 532 826 597 fortissimi
858 536 891 596 et
921 532 957 596 in
988 532 1065 598 fano

65 625 243 710 Apollinis
266 625 475 705 collocantur,
502 623 631 708 signum
654 621 823 704 accipiunt.
867 619 1002 685 Hecuba
1024 621 1065 685 ad

66 715 254 797 Achillem,
277 711 372 776 sicuti
390 711 589 795 condixerat,
611 710 760 775 nuntium
777 709 887 774 mittit.
922 708 1094 774 Achilless

26 860 28 865 .
66 805 183 868 laetus
210 800 407 884 Polyxenam
437 821 549 864 amans
576 801 706 883 postera
736 799 787 862 die
820 798 860 862 ad
891 797 1003 862 fanum
1032 819 1065 862 se

65 896 250 956 venturum
280 887 457 953 constituit.
506 888 630 957 interea
661 885 804 951 Achilles
836 886 983 971 sequenti
1015 887 1066 950 die

67 1002 152 1046 cum
175 977 351 1042 Antilocho
373 974 522 1041 Nestoris
545 976 612 1042 filio
635 976 676 1039 ad
699 975 910 1040 constitutum
932 975 1066 1038 veniunt

68 1068 240 1152 simulque
267 1066 379 1130 fanum
406 1063 569 1148 Apollinis
595 1064 833 1148 ingrediuntur,
860 1063 1002 1148 undique
1027 1085 1066 1128 ex

67 1155 206 1222 insidiis
238 1157 427 1236 occurrunt,
462 1154 529 1217 tela
561 1153 740 1218 coniciunt:
782 1152 874 1217 Paris
910 1152 1110 1217 hortaturus

68 1244 224 1309 Achilles
256 1263 329 1307 cum
356 1240 532 1307 Antilooho
570 1240 701 1306 brachio
736 1241 866 1306 sinistro
899 1240 1066 1324 chlamyde

68 1333 228 1398 involuto
265 1351 359 1396 enses
399 1331 512 1396 dextra
552 1332 699 1394 tenentes
738 1331 894 1413 impetum
932 1329 1066 1394 faciunt.

69 1421 195 1486 exinde
231 1419 374 1485 Achilles
407 1419 526 1484 multos
563 1418 687 1483 occidit.
752 1417 936 1482 Alexander
971 1416 1065 1484 Anti-

69 1509 210 1575 lochum
246 1507 404 1572 interimit
430 1509 600 1591 ipsumque
627 1505 788 1572 Achillem
814 1507 925 1570 multis
961 1505 1066 1591 plagis

70 1597 233 1664 confodit.
259 1596 316 1676 ita
328 1595 472 1662 Achilles
495 1595 637 1659 animam
660 1617 699 1659 ex
720 1595 847 1658 insidiis
869 1595 1065 1679 nequiquam
1080 1613 1109 1654 rs

69 1687 208 1752 fortiter
239 1684 361 1749 iaciens
398 1685 515 1749 amisit.
574 1705 669 1768 quem
706 1683 889 1748 Alexander
924 1683 1001 1748 feris
1033 1687 1066 1746 et

69 1774 263 1840 volucribus
282 1773 384 1856 proici
405 1773 502 1837 iubet.
538 1772 600 1837 hoc
622 1793 663 1836 ne
686 1772 785 1837 faciat
801 1771 944 1836 Helenus
963 1776 1066 1856 rogat,

69 1869 157 1929 tunc
186 1883 242 1927 eos
269 1861 307 1926 de
334 1862 411 1926 fano
439 1861 498 1925 eici
525 1860 615 1925 iubet
646 1864 679 1924 et
707 1860 772 1924 suis
799 1860 897 1924 tradi:
930 1881 1066 1944 quorum

71 1971 216 2035 corpora
236 1953 366 2034 accepta
380 1949 494 2034 Argivi
511 1949 547 2013 in
561 1948 803 2013 castrarent.
838 1947 1066 2032 Agamemnon

71 2061 134 2105 eos
170 2037 345 2123 magnifico
377 2039 489 2103 funere
522 2037 613 2102 effert
644 2035 826 2120 Achillique
862 2035 1066 2119 sepulchrum
1080 2055 1108 2094 20

153 2317 323 2372 lsatis'sibi
337 2317 430 2371 uisum
444 2333 504 2371 esse
518 2317 545 2370 L
577 2317 646 2371 satis
661 2333 720 2372 esse
736 2333 802 2371 suae
816 2315 930 2371 uitaeG
960 2315 1067 2383 victum

72 2408 87 2446 c
103 2390 265 2444 coniectura
278 2389 378 2458 scepei
446 2393 461 2440 2
477 2386 616 2442 occideret
630 2389 660 2442 et
673 2387 699 2440 L
731 2386 880 2442 occidisset
894 2386 920 2442 G
935 2385 939 2457 Ι
956 2386 1068 2470 quod-

73 2458 315 2532 promisithuia
342 2457 507 2512 temerarius
535 2461 597 2512 eret
621 2457 773 2512 alexander
800 2459 856 2513 cito
881 2457 1011 2528 promisit
1037 2474 1067 2512 se

72 2533 222 2586 facturum
251 2529 277 2584 G
357 2535 373 2584 3
398 2529 552 2598 eliguntur]
573 2528 712 2583 ducuntur
739 2528 766 2584 G
788 2531 792 2597 Ι
815 2529 911 2584 fanum
939 2529 966 2582 L
1050 2533 1066 2582 5

73 2599 360 2670 sicuti-nuntium]
380 2599 482 2669 priami
500 2598 594 2654 uerbis
613 2599 662 2668 qui
681 2615 806 2670 eaquae
830 2600 864 2655 de
889 2599 1067 2670 sponsalibus

71 2670 211 2726 facienda
229 2672 294 2725 sunt
313 2669 390 2724 dieat
408 2669 433 2724 G
505 2677 521 2725 6
539 2669 631 2724 laetus
646 2686 695 2725 om.
711 2669 737 2725 G
809 2676 824 2724 7
843 2670 1027 2740 consequenti
1041 2670 1068 2723 L

73 2751 91 2798 8
114 2740 263 2810 antiloquo
282 2741 308 2796 G
344 2740 468 2796 antilooo
485 2742 525 2808 L,
544 2741 625 2794 etiam
643 2741 723 2807 iufra
737 2744 742 2806 Ι
758 2741 877 2796 uenitG
949 2748 964 2796 9
984 2741 1068 2795 simul

71 2814 155 2868 intro
174 2810 205 2865 iu
223 2811 241 2866 f.
261 2811 287 2866 G
307 2813 312 2880 Ι
332 2811 421 2866 intrat
439 2811 465 2866 G
543 2817 576 2866 10
599 2811 940 2866 occurrunt-coniciunt
962 2827 1012 2866 om.
1032 2812 1066 2880 L,

74 2889 109 2938 11
138 2881 281 2936 chlamide
304 2881 330 2936 G
371 2881 489 2944 clamide
513 2881 539 2935 L
619 2888 662 2935 12¹
676 2897 768 2936 enses:
797 2881 905 2936 faciunt
927 2883 959 2936 io
980 2898 1066 2952 marp.

72 2955 197 3008 dextera
215 2953 358 3008 tenentem
376 2953 554 3022 impetumL
571 2969 648 3022 quem
666 2943 722 3020 fere
743 2967 850 3020 sequor,
869 2952 969 3007 dextra
987 2967 1067 3008 enses

71 3025 210 3080 tenentes
237 3023 256 3078 f.
285 3023 352 3094 imp.
381 3023 407 3078 G
494 3029 526 3078 13
551 3023 651 3079 exinde
679 3037 730 3077 om,
759 3022 785 3077 G
871 3029 904 3077 14
928 3023 1068 3078 interimit

70 3096 101 3150 B
141 3093 287 3150 interemit
304 3094 331 3147 L
344 3111 395 3150 om.
410 3094 436 3150 G
452 3096 456 3164 l
472 3094 631 3166 ipsumque]
651 3096 681 3148 et
699 3093 725 3148 G
798 3099 831 3148 15
850 3092 1046 3180 confodith
1061 3093 1066 3165 1

71 3183 203 3240 Achilles
218 3198 268 3238 one.
282 3181 309 3236 L
324 3181 329 3254 l
344 3199 522 3252 nequaquam
537 3182 564 3238 G
598 3182 801 3252 necquicquam
815 3181 842 3234 L
913 3188 945 3236 le
960 3165 1067 3252 pauens
1164 3191 1169 3199 “

71 3255 101 3310 L
131 3256 165 3308 ia
192 3269 279 3323 marp.
305 3253 412 3308 faciens
435 3257 439 3322 Ι
463 3253 588 3310 ammisit
610 3253 638 3307 L
660 3256 663 3321 Ι
685 3253 765 3324 feris]
789 3251 893 3308 auferri
916 3253 942 3307 G
1033 3259 1066 3307 17

71 3323 1067 3450 “rt”⁰1³⁸restruereturune-let

72 3413 137 3536 ddi]
158 3397 346 3590 acliilgdrhumG
366 3469 370 3533 Ι
392 3482 425 3522 ac
445 3395 558 3536 illisque
585 3464 765 3536 sepulchrum
789 3465 816 3518 L
863 3468 892 3520 et
917 3468 949 3520 ut
974 3465 1064 3536 sepul-

73 3554 156 3594 crum
176 3553 202 3592 er
250 3578 255 3590 .
