2424 3938
129 240 287 295 Daunus
298 240 451 295 PHRYGH
460 240 508 294 DE
519 241 669 296 EXCIDIO
681 242 816 298 TROIAE
828 241 1009 296 HISTORIA.
1049 241 1071 304 3

75 385 289 452 architectum
316 385 423 450 vocari
450 384 545 452 iussit
574 390 607 450 et
634 387 664 450 ei
690 386 874 470 imperavit,
896 389 933 449 ut
959 385 1070 450 navim
1208 453 1209 468 ,

77 473 262 540 aedificaret
284 495 381 556 quam
399 473 647 555 pulcherrimam
662 475 703 538 ad
717 475 917 540 voluntatem
932 473 1069 538 Iasonis.
1177 475 1180 480 ’

76 583 136 645 per
158 564 261 626 totam
281 560 449 626 Graeciam
471 583 582 626 rumor
604 563 744 628 cucurrit
765 563 874 628 navim
899 562 1071 648 aedificari,

76 652 114 713 in
142 672 206 734 qua
233 649 371 715 Colchos
399 653 452 714 eat
481 650 579 716 Iason
611 652 729 734 pellem
762 671 891 716 auream
923 650 1069 733 petitum.

76 738 175 802 amici
194 738 392 821 ethospites
416 737 456 802 ad
474 735 624 804 Iasonem
647 742 803 804 venerunt
821 743 854 803 et
875 739 1068 822 pollicentur
1084 755 1097 792 ⁵

77 848 113 890 se
135 849 202 890 una
220 827 331 892 ituros.
367 826 466 892 lason
488 827 552 891 illis
577 827 698 912 gratias
722 828 790 912 egit
813 831 845 891 et
867 827 1009 911 rogavit,
1032 831 1070 892 ut

74 915 184 998 parati
204 918 311 980 esseut
330 935 402 978 cum
415 917 543 998 tempus
559 916 809 998 supervenisset:
833 916 957 980 interea
975 915 1068 980 navis

74 1003 264 1067 aedificatur
286 1007 319 1066 et
341 1024 414 1066 cum
437 1006 565 1086 tempus
589 1003 666 1067 anni
689 1003 941 1086 supervenisset,
969 1003 1068 1068 Iason

74 1092 203 1156 litteras
221 1091 264 1154 ad
282 1111 337 1154 eos
360 1090 461 1174 misit,
485 1091 540 1175 qui
559 1095 651 1156 erant
673 1092 808 1176 polliciti
828 1113 897 1156 sese
916 1103 981 1156 une
1003 1093 1066 1156 itu-

73 1201 131 1243 ros
155 1184 187 1244 et
209 1179 282 1244 ilico
301 1183 520 1244 convenerunt
538 1179 578 1244 ad
597 1201 725 1263 navem,
748 1181 840 1244 cuius
858 1202 978 1244 nomen
998 1183 1110 1245 erat10

73 1270 176 1352 Argo.
221 1267 327 1331 Pelias
354 1287 409 1330 rex
432 1289 513 1352 quae
541 1290 622 1351 opus
646 1272 738 1334 erant
764 1269 799 1333 in
821 1269 930 1332 navim
953 1269 1069 1352 inponi

72 1355 173 1420 iussit
199 1360 232 1419 et
257 1355 405 1420 hortatus
433 1359 483 1420 est
509 1356 659 1420 iasonem
687 1360 720 1420 et
747 1357 802 1440 qui
829 1378 901 1420 cum
925 1377 965 1420 eo
992 1377 1068 1438 pro-

17 1429 28 1454 *
73 1445 193 1511 secturi
215 1447 321 1527 erant,
348 1447 384 1510 ut
412 1443 519 1508 animo
546 1444 623 1510 forti
646 1444 687 1508 ad
715 1444 941 1527 perficiendum
973 1444 1068 1527 irent,

74 1533 167 1617 quod
191 1533 298 1596 conati
325 1536 442 1596 essent.
496 1553 534 1598 ea
565 1553 616 1596 res
644 1533 823 1597 claritatem
852 1531 1005 1598 Graeciae
1035 1538 1068 1598 et

73 1621 159 1704 ipsis
186 1620 311 1685 factura
341 1620 518 1686 videbatur.
573 1620 792 1704 demonstrare
820 1633 875 1686 eos
911 1622 965 1706 qui
994 1636 1111 1686 cum1⁵

73 1709 195 1774 lasona
222 1709 357 1792 profecti
382 1712 459 1773 sunt
484 1731 552 1774 non
579 1703 704 1774 videtur
726 1714 874 1776 nostrum
898 1731 981 1787 esse;
1014 1711 1070 1775 scd

73 1798 135 1881 qui
158 1797 270 1861 volunt
293 1818 348 1862 eos
371 1817 577 1882 cognoscere,
600 1796 808 1882 Argonautas
831 1799 951 1882 legant.

168 1884 211 1948 Π.
255 1885 353 1950 lason
380 1886 436 1949 uhi
464 1885 505 1949 ad
531 1885 708 1969 Phrygiam
735 1886 837 1966 venit,
869 1886 980 1950 navim
1006 1886 1068 1950 ad—

73 1973 181 2038 movit
209 1973 249 2037 ad
276 1977 406 2056 portum
435 1971 613 2038 Simoenta:
647 1973 760 2038 deinde
789 1994 900 2036 omncs
928 1973 967 2037 de
991 1975 1067 2038 navi

72 2063 226 2138 exierunt
254 2062 289 2126 in
315 2065 443 2127 terram.
482 2060 695 2126 Laomedonti
711 2061 779 2145 regi
810 2061 996 2126 nuntiatum
1019 2066 1070 2126 est
1085 2079 1111 2116 2⁰

72 2150 260 2214 mirandam
282 2150 391 2217 navim
419 2150 454 2214 in
476 2153 606 2233 portum
630 2147 796 2214 Simoenta
818 2150 957 2214 intrasse
981 2153 1013 2214 ct
1036 2151 1071 2214 in

73 2261 116 2304 ea
140 2239 260 2304 multos
288 2239 418 2302 iuvenes
447 2238 486 2302 de
514 2237 647 2305 Graecia
681 2238 815 2303 venisse.
865 2238 921 2302 ubi
948 2238 1072 2302 audivit

71 2325 266 2392 Laomedon
283 2347 353 2409 rex,
376 2329 554 2392 commotus
574 2330 638 2390 est:
666 2325 882 2392 consideravit
900 2348 1070 2391 commune

70 2415 257 2499 periculum
284 2435 367 2497 esse,
400 2414 427 2478 si
460 2419 705 2481 consuescerent
733 2413 847 2480 Graeci
875 2415 915 2479 ad
947 2437 1005 2480 sua
1032 2415 1069 2479 li-

69 2509 151 2569 tora
169 2503 343 2568 adventare
362 2503 507 2568 navibus
535 2504 635 2568 mittit
654 2503 695 2567 ad
713 2507 857 2586 portum,
877 2503 932 2588 qui
952 2503 1069 2586 dicant,
1084 2518 1111 2558 2⁵

69 2596 114 2656 ut
130 2589 245 2676 Graeci
259 2591 298 2654 de
312 2590 430 2654 finibus
445 2591 612 2674 excedant,
631 2592 658 2656 si
671 2613 739 2656 non
753 2592 838 2658 dicto
853 2591 1071 2674 obaudissent,

70 2701 149 2744 sese
178 2679 276 2742 armis
304 2700 359 2744 cos
387 2679 426 2742 de
453 2678 570 2743 finibus
599 2679 783 2743 eiecturum.
828 2680 926 2744 Iason
953 2683 986 2744 et
1017 2681 1072 2764 qui

152 2862 174 2906 1.
188 2853 309 2922 imperat
328 2853 366 2906 M
436 2852 618 2921 epulchram
641 2849 678 2904 M
749 2852 852 2905 terat
871 2851 909 2904 M
923 2853 927 2917 1
943 2851 1023 2906 iason
1042 2869 1070 2920 p.

71 2942 140 2979 aur.
159 2939 210 2978 orn.
232 2923 269 2976 M
288 2927 292 2989 Ι
313 2923 453 2992 petiturus
475 2923 512 2976 M
583 2927 597 2975 7
617 2921 726 2976 ueniret
745 2921 783 2974 M
797 2923 801 2986 Ῑ
816 2921 1072 2991 interea-super-

69 2993 205 3050 uenisset
223 3009 272 3048 om.
289 2994 328 3048 M
389 3001 484 3048 essse
503 3008 553 3047 om.
568 2993 594 3047 G
658 2991 842 3046 10nauimG
906 2998 938 3045 11
958 2992 1072 3046 fuerant

71 3067 115 3121 M
119 3065 148 3120 G
186 3064 299 3119 luerunt
323 3059 367 3117 Μ’
405 3066 486 3118 erant
504 3061 535 3116 F
548 3066 552 3130 Ι
569 3062 682 3118 nauiG
754 3068 787 3116 12
811 3061 930 3130 proiecti
950 3064 1016 3116 sunt
1035 3063 1073 3114 M

69 3135 234 3208 profecturi
247 3133 381 3190 essentG
417 3133 571 3203 profecturi
585 3136 666 3189 erant
679 3132 714 3186 H
749 3139 782 3186 14
800 3131 914 3200 quaeG
950 3147 1006 3200 quo
1026 3132 1071 3196 M,

69 3207 152 3262 mede
170 3207 271 3275 sarpa
289 3204 365 3274 quod
382 3206 387 3274 1
403 3203 558 3275 gratiaeG
594 3203 684 3275 grecis
705 3203 742 3258 M
814 3209 846 3256 15
865 3202 962 3257 hosG
1036 3209 1069 3257 18

69 3278 170 3350 Igitur
188 3277 272 3331 Iason
291 3276 317 3331 G
391 3283 423 3331 19
447 3275 600 3345 symocntis
624 3275 674 3342 M,
697 3276 760 3330 item
780 3273 859 3340 infru
930 3279 964 3328 22
987 3272 1070 3328 adue-

69 3352 139 3404 ctos
158 3363 224 3401 csse·
245 3347 279 3401 de
298 3345 393 3417 grecia
412 3345 438 3401 G
509 3352 543 3400 23
563 3348 607 3400 est
624 3347 654 3400 et
671 3346 698 3400 G
769 3350 804 3398 24
823 3345 860 3398 ad
874 3374 906 3384 -
918 3344 1073 3399 aduentare

68 3437 127 3474 orn.
145 3417 186 3472 M
199 3416 203 3486 Ι
220 3417 339 3472 nauibus
354 3417 507 3471 aduentare
522 3417 548 3471 G
561 3417 721 3486 transposui
791 3420 826 3469 25
841 3414 959 3470 nauibus
977 3414 1020 3469 uti
1035 3415 1075 3468 M

68 3497 109 3545 26
126 3487 276 3542 discedant
299 3487 334 3542 de
356 3488 375 3542 f.
395 3487 454 3542 eius
474 3487 499 3540 G
519 3491 523 3555 Ι
544 3487 588 3542 siu
616 3487 693 3542 dicto
715 3501 772 3540 non
795 3485 964 3541 Dedericlurs
1038 3491 1076 3538 av

67 3565 139 3615 tum
159 3558 225 3613 add.
245 3558 271 3612 G
291 3563 354 3613 aute
373 3573 431 3613 sese
448 3561 452 3623 Ι
468 3572 515 3613 eos
534 3574 584 3612 om.
605 3557 648 3611 M.

877 3645 912 3698 1*
