2414 3946
277 979 327 1028 DE
345 978 533 1030 NATURALI
550 979 822 1035 INSTITUTIONE.
1055 983 1070 1040 l

125 1119 223 1202 Initia
245 1156 346 1199 rerum
370 1139 472 1200 eedem
496 1137 640 1201 elementa
662 1147 692 1200 et
716 1140 862 1220 principia
884 1141 1033 1202 dicuntur.

53 1240 92 1282 ea
109 1223 199 1284 stoici
214 1223 340 1284 credunt
354 1229 488 1284 tenerem
503 1223 599 1304 adque
614 1225 775 1286 materiam.
812 1232 961 1295 tenerem,
985 1228 1036 1305 qui

52 1315 235 1368 rarescente
257 1309 378 1369 materie
401 1326 417 1368 e
438 1307 536 1368 medio
557 1308 658 1370 tendat
678 1307 715 1368 ed
737 1327 900 1378 summum,
929 1309 1032 1370 eadem

8 1397 30 1446 5
52 1400 276 1453 concrescente
291 1409 395 1454 rursus
412 1410 426 1452 a
443 1409 559 1452 summe
574 1392 722 1454 referetur
737 1392 773 1453 ed
790 1393 928 1455 medium.
953 1393 1031 1454 Tha·

49 1476 100 1538 les
119 1475 252 1538 Milesius
267 1494 374 1555 aquarn
389 1478 567 1556 principium
583 1478 713 1538 omnium
729 1477 814 1548 dixit,
838 1485 866 1539 et
881 1477 952 1538 elias
968 1480 1031 1556 cpi·

50 1562 168 1623 niones
183 1577 271 1639 supra
286 1559 395 1622 rettuli.
418 1562 585 1623 Stoicorum
602 1562 701 1640 opinio
715 1561 877 1641 prebende,
894 1564 1026 1641 quicum
1046 1578 1062 1626 2

48 1652 125 1706 arte
152 1647 339 1724 conpositum
361 1646 462 1707 mundi
489 1664 565 1725 opus
589 1645 828 1718 considerarent,
859 1647 1030 1708 introduxe-

48 1735 133 1791 runt
153 1736 288 1791 naturam
310 1729 463 1809 providam
479 1748 514 1791 ac
529 1731 716 1811 sapientiam,
738 1749 826 1810 quarn
843 1731 916 1792 crdo
931 1732 1030 1810 inper-

5 1821 28 1870 ,ο
48 1812 213 1876 mutabilis
228 1814 410 1884 ostenderet,
428 1822 457 1876 ct
471 1815 614 1876 industria
630 1815 737 1876 iactum
753 1817 1028 1894 pronuntiaverunt.

47 1901 120 1961 sive
142 1905 305 1980 perpetuus
326 1900 386 1960 sive
406 1897 567 1978 longaevus
587 1906 632 1961 est
652 1899 779 1962 mundus
801 1906 830 1960 et
849 1900 879 1960 in
897 1899 1064 1960 flammese

48 1983 120 2044 abit
142 1990 172 2044 et
193 1984 321 2044 vicissim
342 2003 378 2046 ex
393 1977 519 2046 flammis
539 1990 698 2044 renovatur
718 2001 752 2044 ae
772 1985 952 2054 restituitur,
975 1983 1030 2044 du·

46 2066 197 2130 rantibus
212 2075 310 2130 tamen
327 2068 487 2147 principiis,
504 2086 560 2129 nec
574 2068 728 2129 reccidere
744 2067 781 2128 ad
798 2067 921 2130 nihilum
937 2067 1029 2128 rideri

47 2160 174 2234 potest,
196 2152 275 2232 qued
290 2153 321 2212 in
336 2170 368 2214 se
383 2153 482 2214 deficit
502 2161 531 2214 et
546 2153 575 2213 in
596 2171 628 2213 se
643 2153 816 2230 regignitur.
862 2159 891 2214 et
912 2157 1062 2213 constat4

4 2243 28 2292 ὠ
48 2235 181 2319 quidem
211 2244 351 2314 quattuor
380 2235 546 2307 eleruentis,
582 2244 679 2308 terra,
711 2255 802 2318 aque,
833 2237 916 2314 igne,
948 2255 1027 2298 aere.

47 2323 145 2384 cuius
161 2320 355 2401 principalem
371 2319 464 2382 sotem
480 2321 599 2400 quidam
614 2328 734 2400 putant,
755 2329 788 2382 ut
803 2320 975 2389 Cleanthes:
1001 2329 1030 2382 et

47 2406 243 2485 Chrysippus
263 2405 400 2475 aethera,
424 2407 508 2467 cuius
527 2414 610 2467 motu
624 2407 750 2486 perenni
770 2405 902 2468 subiecta
923 2413 1029 2466 tenen·

46 2499 104 2553 tur
127 2497 157 2550 et
179 2490 439 2560 arluinistrautur,
460 2499 489 2551 et
510 2491 572 2568 ipse
595 2490 721 2569 quidem¹
735 2490 837 2552 aether
860 2487 931 2551 nihil
951 2491 1029 2570 pati·

46 2585 120 2644 tur;
153 2592 205 2636 aer
226 2573 345 2637 aethera
364 2591 469 2654 supra,
490 2576 567 2636 inira
590 2593 710 2655 aquam;
741 2593 810 2636 aera
831 2592 921 2653 supra
942 2591 1027 2654 eque,

4 2669 27 2718 to
46 2659 137 2724 inira
163 2665 284 2720 terrem.
329 2666 408 2720 terra
435 2660 534 2720 omnic
561 2678 596 2721 ex
621 2678 654 2722 se
680 2660 811 2721 omniurn
835 2659 1065 2740 permixtiones

125 2861 179 2912 DE
196 2861 385 2914 NATURALI
401 2859 665 2913 INSTITUTIONE
683 2869 732 2913 cet.
755 2865 821 2912 nullo
844 2862 929 2926 spatio
951 2862 1031 2910 iruer-

44 2933 143 3000 posito
172 2930 259 2979 ultima
282 2929 415 2982 Censorini
439 2935 578 2995 sequuntur
604 2932 630 2979 in
651 2929 705 2982 DV
772 2933 796 2982 3.
825 2933 907 2994 atque
939 2927 965 2977 V

45 2998 269 3054 heunmmol)
321 2997 442 3048 renesD
511 2997 719 3049 [neruum
786 2999 812 3050 8.
823 2994 1036 3064 opusmundiV

47 3070 94 3119 10.
118 3067 150 3116 et
166 3079 215 3118 om.
232 3065 291 3114 DV
356 3066 397 3116 12.
415 3078 503 3116 sanun
523 3065 627 3128 (hanun
646 3071 705 3116 ante
722 3062 788 3130 ras.)
806 3066 831 3117 Ι)
901 3069 929 3114 et
946 3063 1032 3113 nicin-

46 3137 105 3186 sim
127 3133 148 3182 d
164 3133 264 3182 iuras.
335 3133 375 3184 14.
393 3131 509 3185 hentcun
521 3133 554 3193 D,
573 3139 623 3182 tum
641 3137 669 3183 et
686 3134 803 3187 om.DV
869 3133 909 3182 16.
928 3145 1030 3181 ceccu-

46 3217 104 3254 τοῦ
133 3213 168 3250 en
192 3212 343 3268 cnrstppne
361 3201 419 3250 DV
484 3196 525 3268 et]
550 3203 580 3250 at
602 3200 700 3251 lateus
722 3202 857 3251 secundum
879 3199 1029 3259 Munatium,

46 3274 97 3323 set
117 3268 188 3319 cern.
202 3267 319 3320 Halmius
390 3271 431 3322 18.
449 3283 538 3320 neren
555 3269 580 3317 Ι)
651 3270 690 3319 19.
710 3283 781 3319 eene.
800 3267 926 3318 cephene
938 3292 969 3302 -
984 3279 1029 3316 su-

45 3351 109 3406 pna
130 3347 232 3400 aquam
251 3336 314 3400 DV,
331 3351 400 3387 corr.
420 3338 452 3388 L.
469 3337 501 3386 de
513 3335 564 3386 Ian
581 3341 607 3386 et
624 3336 657 3386 L.
673 3336 812 3387 Urttctstus
829 3341 855 3385 tn
867 3334 935 3384 Mus.
949 3334 1032 3384 Rhea.

46 3406 100 3457 xl
121 3419 153 3468 p.
167 3404 216 3453 159
285 3405 326 3455 20.
352 3416 424 3456 omns
447 3419 499 3455 exe
520 3405 559 3468 D,
582 3404 656 3456 omni
674 3418 736 3467 sex,
759 3404 850 3455 omnen
867 3417 911 3466 se,
939 3401 968 3451 V

45 3483 210 3541 permenso
227 3471 253 3520 D
751 3483 753 3490 ’
