2416 3944
171 205 190 270 8
477 203 610 256 chrrs
629 202 831 256 CRHTHNSIS

169 353 338 418 maiorum.
381 351 530 418 Danaum
551 353 637 416 enim
658 355 755 436 atque
770 354 956 438 Agenorem
978 357 1013 418 et
1034 356 1090 419 sui
1114 361 1147 419 et

170 438 290 503 Priami
342 439 445 502 enoris
474 439 620 502 auctores
649 457 732 500 esse:
765 458 905 520 namque
935 458 974 502 ex
995 440 1146 504 Hesiona

170 522 276 588 Danai
333 523 365 586 ia
380 525 412 586 et
426 521 559 586 Atlante
574 519 737 586 Electram
751 526 872 605 natam,
910 543 985 586 uam
1004 543 1045 586 ex
1063 523 1145 588 Iove

171 607 336 693 gravidam
350 605 537 671 Dardanum
559 605 724 702 genuisse:
746 626 786 670 ex
810 627 895 689 quo¹
935 627 972 671 os
994 610 1028 672 et
1051 607 1146 672 dein·

145 714 245 776 aceps
266 691 404 756 insecuti
425 711 460 756 re
483 711 517 754 es
538 689 587 754 lh.
632 690 794 775 Agenoris
821 711 919 774 porro
942 689 1143 776 Taygetam:

171 799 242 842 eam
263 798 302 841 ex
323 775 401 840 Iove
422 709 572 840 heloisae
586 772 870 858 Lacedaemonem,
893 795 932 838 ex
954 795 1019 858 quo
1036 777 1144 856 Arny·
1192 779 1193 866 l

170 862 252 926 olam
274 865 387 926 natum
409 863 442 924 et
456 880 495 924 ex
517 879 555 923 eo
570 857 738 943 Argalum,
783 862 884 924 atram
900 857 1024 942 Oebali,
1040 881 1142 943 quem

170 945 321 1030 Tyndari,
343 966 383 1009 ex
405 965 468 1028 quo
490 944 561 1026 ipsa
582 943 693 1028 genita
713 943 747 1007 vi
767 946 890 1026 eretur,
912 947 1037 1026 patrem
1062 965 1142 1009 con-

171 1033 278 1094 staret.
328 1028 493 1112 repetebat
526 1027 625 1092 etiam
657 1047 730 1092 cum
756 1025 892 1092 Hecuba
917 1027 1058 1094 materni
1089 1049 1144 1113 ge·

134 1136 158 1175 ιο
171 1115 257 1179 neris
286 1113 492 1178 adfinitatem.
530 1112 691 1176 Aenaria
720 1111 839 1194 quipe
867 1112 971 1176 filium
996 1110 1144 1178 Phoeni-

171 1219 240 1264 cem
255 1201 289 1263 et
301 1197 435 1282 Dymae,
473 1195 551 1261 atris
598 1195 727 1278 ecubae,
742 1199 774 1260 et
817 1195 895 1260 edae
909 1197 1143 1280 consanguini-

169 1284 246 1350 tatis
269 1283 429 1368 originem
466 1280 597 1344 'vicisse
633 1285 807 1428 Hostquam
820 1281 1005 1345 memoriter
1020 1287 1144 1346 cuneta
1193 1325 1194 1358 ,

169 1369 322 1450 retexuit,
346 1366 386 1431 ad
407 1369 607 1449 postremum
657 1385 713 1429 ens
734 1385 826 1428 orare
858 1386 909 1447 ne,
933 1385 1015 1448 quae
1037 1367 1142 1430 semel

170 1454 205 1517 in
226 1452 322 1515 fidem
345 1473 455 1516 eorum
477 1452 606 1532 recepta
634 1452 732 1531 esset,
755 1414 952 1530 prodendam
973 1452 1141 1533 putarent.

132 1555 157 1595 15
171 1557 209 1601 ea
240 1555 348 1600 secum
376 1533 471 1598 domo
499 1532 639 1598 Menelai
672 1532 854 1616 adportata,
893 1555 975 1616 quae
1005 1535 1143 1617 proprie

170 1621 322 1701 fuissent,
354 1617 438 1682 nihil
465 1621 592 1700 praeter
619 1637 656 1682 ea
683 1617 836 1682 ablatum.
880 1616 936 1682 sed
957 1621 1069 1684 utrum
1093 1620 1141 1682 in-

170 1703 296 1769 modico
319 1723 428 1767 amore
445 1699 631 1784 Alexandri,
654 1721 697 1764 an
718 1707 826 1766 timore
846 1721 1034 1785 poenarum,
1056 1723 1142 1785 quas

171 1788 212 1854 ob
240 1787 396 1851 desertam
424 1785 554 1850 domum
583 1807 602 1849 a
630 1785 767 1870 coniuge
794 1786 973 1870 metuebat,
1000 1786 1046 1850 ita
1076 1788 1141 1851 eibi

170 1871 337 1938 consulere
359 1870 522 1952 maluerit,
567 1891 659 1934 arum
680 1870 857 1934 constabat.

132 1977 157 2016 ao
255 1955 295 2020 X.
331 1954 436 2040 Igitur
457 1891 599 2038 Hecate,
623 1953 755 2038 cognita
775 1955 953 2038 voluntate,
976 1954 1074 2021 simul
1098 1956 1141 2019 ob

193 2040 297 2106 emeris
324 2039 600 2122 coniunctionem,
622 2038 779 2135 conplexa
800 2037 974 2120 Helenam,
1001 2059 1042 2102 nc
1064 2061 1141 2122 pro·

170 2062 307 2208 deretur,
329 2125 463 2204 summis
485 2123 600 2206 opibus
622 2121 844 2187 admtebatur:
866 2143 940 2186 cnm
961 2121 1026 2186 iam
1047 2121 1142 2188 Pria·

168 2232 240 2274 mua
263 2214 296 2273 et
316 2209 432 2291 reliqui
453 2207 558 2292 reguli
579 2229 647 2272 non
674 2206 812 2289 amplius
838 2205 1029 2270 differendos
1050 2205 1140 2292 lega·

168 2297 220 2358 tos
242 2292 385 2358 dicerent
398 2312 503 2374 neque
518 2290 730 2356 resistendum
744 2291 950 2375 popularium
964 2290 1140 2375 voluntati,
1195 2363 1196 2366 Ἴ

131 2396 156 2436 a
169 2378 239 2442 solo
263 2376 407 2442 omnium
424 2374 595 2458 Deiphobo
610 2373 761 2440 Hecubae
783 2374 928 2459 adsenso,
951 2396 1047 2457 quem
1068 2397 1139 2441 non
1195 2389 1196 2438 3

169 2462 263 2526 aliter
284 2464 380 2544 atque
395 2459 615 2524 Alexandrum
629 2459 773 2524 Helenae
795 2459 986 2524 desiderium
1008 2480 1027 2524 a
1048 2464 1140 2526 recto

170 2545 305 2610 consilio
328 2543 564 2628 praepediebat.
600 2544 710 2627 itaque
732 2564 805 2610 cum
827 2544 987 2608 obstinate
1002 2543 1140 2608 Hecuba

169 2651 256 2695 nunc
269 2628 444 2712 Priamum,
466 2627 562 2694 modo
584 2627 668 2693 filios
689 2627 727 2692 do
751 2632 921 2712 recaretm,
943 2627 1039 2694 modo
1062 2649 1139 2693 con-

168 2715 267 2799 plexu
294 2714 363 2779 eiua
384 2713 475 2777 nulla
506 2713 632 2778 ratione
659 2711 731 2776 dive
759 2713 767 2726 '
795 2716 918 2796 posset,
946 2714 1139 2796 omnesqui

130 2799 305 2865 moderant
325 2799 361 2863 in
382 2798 583 2863 voluntatem
605 2817 696 2860 snam
717 2796 908 2862 transduxit.
950 2797 997 2860 ita
1018 2797 1059 2862 ad
1080 2818 1140 2879 po-

170 2888 323 2950 atremum
345 2884 467 2948 bonurn
482 2881 648 2966 publicum
662 2884 808 2946 materna
829 2881 934 2965 gratia
949 2884 1139 2964 corruptum

169 2972 226 3033 est.
246 2967 377 3032 ¹deinde
398 2971 526 3052 postero
555 2965 606 3030 die
628 2963 794 3030 Menelaus
816 2985 889 3030 oum
911 2965 977 3030 suis
1005 2966 1041 3030 in
1062 2985 1140 3030 eon-

169 3053 293 3118 tionem
321 3052 426 3135 venit,
454 3052 626 3136 coniugem
660 3053 692 3114 et
720 3070 801 3133 quae
834 3070 907 3113 cum
940 3071 978 3114 ea
1004 3048 1140 3132 abrepta

236 3203 415 3257 2exeonad
451 3220 485 3256 ex
506 3205 570 3255 iona
592 3204 619 3252 B
654 3219 688 3254 ex
709 3203 833 3256 Hesiona
859 3205 971 3254 restitute
999 3203 1140 3254 careotas

120 3343 125 3352 ¹
169 3272 371 3326 eathlanteo
451 3272 532 3324 balii
552 3271 600 3322 ΕΒ
633 3271 680 3352 Ilii
696 3271 723 3322 P
805 3270 1065 3352 blacedaemonmn
1089 3268 1139 3320 GB

169 3357 203 3460 {l
220 3338 562 3480 ittetlldeeddllrilderusd
581 3337 977 3457 ll'ellidtlrgBObrelltdthamg
1001 3337 1138 3470 langetun&

170 3477 201 3526 17
221 3490 256 3525 an
274 3475 371 3525 timore
390 3472 423 3524 ⁶²
441 3472 521 3538 (11111οη
539 3477 564 3524 2.
582 3489 613 3526 m.
634 3490 691 3538 cup.
714 3472 778 3536 aer.)
802 3476 876 3539 culco
894 3487 1046 3538 poenarum
1062 3475 1138 3521 metu

169 3543 202 3592 29
219 3541 329 3591 racione
350 3541 371 3591 G
406 3539 510 3590 deuelli
529 3541 559 3591 G.
574 3543 599 3594 1.
617 3557 647 3590 m.
666 3541 721 3590 diu.
739 3543 764 3590 2.
777 3557 807 3590 m.
877 3541 910 3592 32
928 3544 1067 3604 postremo
1080 3535 1138 3588 GB.
