2416 3944
157 152 199 217 34
462 147 595 200 merus
615 149 818 201 caarnusrs

158 301 279 368 versari
307 303 382 363 ante
412 298 555 362 omnium
591 298 700 362 oculos
729 302 877 380 oportere
910 302 1136 382 praesentiam

158 408 271 473 regum
295 383 490 448 Graecorum
517 403 692 466 eorumque
720 381 806 446 facta
832 382 930 446 fortia
958 405 995 454 ac
1017 405 1138 450 recens

159 476 285 556 partam
301 468 437 554 gloriam
460 467 558 531 erutis
580 466 780 531 amicissimis
797 465 913 532 Troiae
933 467 1134 534 civitatibus.

161 559 203 621 ob
226 577 296 620 eam
318 553 415 618 etiam
438 572 565 616 causam
591 549 845 634 Polymestorem
872 552 1055 636 exemplum
1079 554 1137 618 ad·

135 641 249 706 amissi
271 637 497 702 abhorrentem
530 636 616 700 ultro
646 635 776 700 Graecis
801 635 999 718 Polydorum
1032 639 1136 702 tradi-

161 726 254 790 disse.
299 744 338 786 ex
367 741 431 804 quo
455 720 552 784 etiam
573 718 763 802 verendum,
793 741 834 785 ne
857 721 934 804 quid
955 721 1021 785 tale
1044 717 1136 787 com-

160 811 288 874 mentae
311 805 466 872 finitimae
488 806 637 889 regiones
659 804 842 888 perniciosa
863 805 999 870 consilia
1020 807 1137 872 adver-

161 916 231 960 sum
265 891 396 956 Troiam
430 889 636 954 molirentur:
673 887 757 954 nihil
792 889 992 973 exploratum
1025 913 1139 976 neque

161 978 271 1059 fidum,
293 979 407 1040 contra
428 973 583 1040 insidiosa
604 977 719 1038 cuncta
746 977 843 1057 atque
865 973 998 1038 adversa
1019 976 1056 1039 in
1080 981 1139 1040 ob·
1170 975 1175 985 '

124 1090 149 1129 10
162 1062 286 1127 sidione
302 1060 381 1124 fore.
419 1079 501 1142 quae
523 1061 551 1124 si
566 1079 687 1140 omnes,
709 1059 757 1122 ita
770 1058 819 1122 uti
831 1080 894 1138 par
911 1062 1000 1141 essct,
1021 1060 1138 1125 animo

162 1148 364 1231 reputarent,
386 1163 491 1226 neque
521 1144 654 1208 ulterius
678 1141 869 1207 differendos
897 1141 1022 1227 legatos
1042 1147 1139 1228 pate·

162 1235 284 1312 rentur,
308 1233 340 1294 et
361 1226 487 1292 Helena
509 1249 582 1294 cum
597 1227 701 1313 gratia
723 1228 856 1292 remissa
873 1230 946 1303 fore
968 1239 1000 1292 al
1026 1229 1140 1293 maius

164 1321 260 1400 atque
289 1313 389 1380 artius
412 1311 572 1379 amicitiae
593 1313 712 1396 pignus
734 1311 819 1376 inter
847 1310 909 1376 duo
938 1331 1038 1397 regna
1060 1334 1138 1378 eoa—

162 1402 306 1464 lesceret.
344 1387 426 1480 q'uae
447 1397 504 1461 ubi
526 1397 649 1480 accepit
666 1394 802 1479 Hector,
824 1396 1044 1461 recordatione
1069 1395 1139 1462 fra-

125 1510 149 1550 15
164 1483 249 1549 terni
278 1482 431 1560 facinoris
458 1482 582 1547 tristior
610 1480 812 1564 aliquantum
839 1479 968 1544 suffusis
991 1502 1031 1545 ue
1058 1503 1139 1547 cum

162 1587 306 1634 maerore
339 1566 479 1630 lacrimis
511 1565 670 1629 Helenam
704 1569 813 1630 tamen
847 1565 972 1648 proden
1013 1587 1045 1630 m
1075 1568 1137 1630 mi-

163 1653 250 1717 nime
273 1651 418 1733 rebatur,
441 1651 560 1734 quippe
582 1649 760 1733 supplicem
775 1649 888 1714 domus
910 1652 944 1713 et
958 1651 999 1715 ob
1021 1650 1055 1714 id
1070 1651 1137 1716 fide

163 1732 356 1818 interposita
381 1733 549 1809 tuendam:
585 1734 612 1798 si
641 1755 705 1817 qua
732 1737 840 1798 autem
868 1755 941 1799 cum
964 1756 1001 1799 ea
1023 1740 1140 1820 erepta

165 1821 369 1902 docerentur,
392 1823 507 1884 cuncta
527 1817 733 1883 restituenda.
770 1840 910 1902 namque
932 1841 991 1902 pro
1006 1817 1139 1884 Helena

127 1931 152 1972 20
166 1903 377 1972 Cassandram
399 1903 466 1966 sive
481 1903 689 1987 Polyxenam,
735 1925 809 1968 uam
831 1903 947 1988 legatis
962 1902 1138 1989 videretur,

164 1992 303 2073 nuptum
325 2009 397 2053 cum
419 1987 590 2070 praeclaris
612 1986 705 2052 donis
758 1987 870 2052 enelao
892 1987 1091 2053 tradendam.
1204 1997 1205 2006 ’

249 2071 369 2138 XXVI.
406 2071 459 2135 Ad
481 2095 519 2136 ea
539 2071 705 2136 Menelaus
727 2071 878 2136 iracunde
894 2075 1000 2136 atrox:
1023 2093 1141 2158 „egre-

190 2161 216 2222 'e
238 2158 385 2222 hercules
404 2160 511 2220 actum
533 2156 627 2221 nobis
650 2159 707 2239 est,
730 2155 887 2239 siquidem
906 2157 1039 2240 proprio
1062 2179 1140 2242 spo-

179 2245 264 2306 iatus
279 2245 475 2305 commutare
490 2241 731 2305 matrimonium
753 2261 812 2324 pro
835 2240 969 2306 arbitrio
991 2239 1139 2306 hostium
1203 2319 1204 2324 γ

129 2347 312 2393 cumeorum
327 2325 458 2410 cogor.“
487 2324 656 2388 adversum
671 2345 765 2406 quem
775 2327 903 2388 Aeneas
924 2346 983 2408 „ac
999 2347 1040 2390 ne
1054 2325 1140 2392 haec
1203 2357 1204 2372 ¹

168 2408 318 2495 quidem“
341 2409 387 2472 ait
407 2408 644 2491 „concedentur
659 2408 897 2474 contradicente
913 2431 951 2474 ac
965 2411 1139 2476 resistente

167 2516 217 2560 me
245 2493 456 2578 reliquisque,
480 2493 535 2576 qui
563 2493 683 2562 adfines
711 2493 868 2576 amicique
890 2494 1076 2560 Alexandro
1100 2497 1139 2560 in

168 2601 235 2643 rem
259 2578 326 2642 eius
342 2577 547 2642 consulimus.
585 2581 661 2642 sunt
676 2578 762 2642 enim
777 2581 873 2660 atque
888 2582 984 2643 erunt
1000 2600 1139 2664 semper,

191 2663 225 2727 ui
241 2662 370 2726 domum
386 2681 584 2747 regnumque
596 2661 717 2726 Priami
731 2666 883 2727 tueantur
896 2684 1002 2746 neque
1018 2665 1139 2730 amisso
1202 2673 1203 2728 ῑ

130 2773 156 2815 ao
169 2686 330 2831 iolydoro
354 2747 474 2810 orbitas
488 2745 652 2811 Priamum
674 2747 861 2831 insequetur
881 2750 933 2812 tot
953 2749 1140 2833 talibusque

167 2833 242 2897 filiis
276 2831 509 2915 superstitibus
564 2853 606 2896 an
636 2831 712 2896 solis
747 2832 801 2916 qui
830 2853 869 2896 ex
897 2833 1034 2898 Graecia
1061 2837 1142 2897 sunt

168 2922 278 3000 raptus
294 2915 478 2981 huiusmodi
493 2915 743 2982 concederetur?
770 2917 889 3000 quippe
906 2915 1020 2982 Cretae
1035 2917 1140 2986 Euro-

237 3086 484 3152 4polymestorum
498 3088 545 3139 GB
560 3087 564 3151 Ι
580 3087 697 3154 exempli
711 3087 758 3140 GB
827 3087 1057 3140 habhorrented
1093 3089 1141 3140 ad-

168 3153 362 3206 horrentemB
381 3169 449 3206 corr.
466 3155 515 3205 VP
564 3159 579 3206 7
593 3156 747 3221 pernitiosa
766 3154 813 3206 ΕΒ
857 3157 981 3220 8neque
994 3155 1078 3207 fidum
1093 3155 1141 3207 ΕΒ

169 3223 238 3273 nihil
260 3221 432 3288 exploratum
457 3237 544 3288 neque
568 3223 650 3273 fidum
669 3223 728 3286 PV,
752 3223 887 3274 Mercerus
913 3227 1023 3274 coniecit
1049 3239 1140 3289 neque

169 3289 290 3349 fidelius,
311 3290 450 3342 Obrecdtus
467 3305 554 3356 neque
571 3291 636 3342 fidei
653 3291 705 3342 ius.
725 3307 759 3341 aa
776 3292 934 3342 scribendum
951 3306 1042 3357 neque
1061 3292 1140 3356 quic·

170 3357 1141 3424 mmmlwmmmmmwmwmww

169 3424 218 3540 {ltat
234 3425 342 3539 utiBres
365 3430 408 3476 est
470 3427 502 3476 12
521 3425 581 3477 fore
600 3429 660 3476 ute
678 3429 825 3476 contectura
843 3428 927 3478 adieci
979 3429 1011 3477 32
1040 3441 1142 3476 eonce-

191 3505 251 3541 eur
297 3530 304 3542 .
