2414 3946
163 176 207 240 44
409 189 456 236 nn
479 189 540 237 nm
562 188 695 237 aarum
717 188 792 236 oar.
809 188 882 234 xxi.

166 330 238 399 diei,
256 331 307 407 qui
322 345 432 390 annum
448 346 550 389 verum
568 326 758 406 suppleturus
773 324 940 394 videbatur,
963 325 1097 386 instituit
1110 333 1140 386 ut

166 421 286 494 peracto
298 413 475 492 quadrienni
488 413 614 473 circuitu
628 411 690 472 dies
701 429 788 482 unus,
801 409 853 471 uhi
864 409 975 470 mensis
988 411 1140 488 quondam

166 497 294 569 solebat,
322 503 389 576 post
412 495 575 558 terminalia
597 494 840 566 intercalaretur,
872 493 954 572 quod
975 512 1061 554 nunc
1083 493 1140 555 bis·

117 595 147 644 11
167 595 281 644 sextum
296 587 426 643 vocatur.
459 600 495 642 ex
509 581 567 641 hoc
583 598 661 640 anno
683 582 721 640 ita
738 598 754 639 a
769 578 842 640 lulio
858 579 985 640 Caesare
1002 579 1141 640 ordinato

167 669 259 728 ceteri
278 666 314 727 ad
335 673 468 728 nostram
494 666 668 725 memoriam
689 662 793 724 luliani
814 661 1019 744 appellantur,
1056 665 1170 742 eiquca

168 757 352 828 consurgunt
378 767 414 810 ex
436 757 540 829 quarto
564 749 696 810 Caesaris
718 747 881 808 consulatu.
927 749 979 826 qui
1007 749 1142 808 etiamsi

168 836 280 915 optimo
297 857 312 896 a
329 857 360 908 e,
376 852 434 893 non
447 833 502 893 soli
516 842 615 894 tamen
632 833 668 894 ad
684 849 794 893 annum
810 841 933 893 naturae
949 833 1045 910 aptati
1060 840 1141 893 sunt:

168 937 235 981 nam
254 928 282 980 et
295 920 413 997 priores
428 917 511 987 anni,
529 919 615 978 etiam
632 917 723 996 siqui
739 917 993 978 decemmenstres
1011 915 1141 984 luerunt,

168 1022 224 1065 nec
246 1003 358 1064 liornae
384 1002 472 1062 modo
500 1001 544 1062 vel
573 1020 626 1080 per
647 999 775 1071 ltaliam,
812 1000 863 1060 sed
892 1007 921 1060 et
941 1007 1017 1078 aput
1040 1011 1142 1078 gentes

120 1099 150 1148 12
170 1105 288 1156 omnes,
311 1095 452 1164 quantum
475 1094 605 1164 poterat,
627 1085 706 1146 idem
727 1083 848 1146 luerunt
869 1086 1011 1144 correcti.
1046 1088 1142 1164 itaque
1159 1093 1182 1140 to

170 1189 237 1232 curn
261 1171 297 1231 de
319 1169 416 1248 aliquo
438 1187 584 1231 annorum
607 1188 731 1231 numero
752 1169 801 1230 hic
822 1169 950 1238 dicetur,
985 1187 1051 1230 non
1074 1169 1143 1230 alios

169 1274 223 1336 par
240 1256 297 1316 erit
312 1273 399 1334 quam
416 1254 565 1315 naturales
581 1255 726 1333 accipere.

233 1340 309 1401 Etsi
325 1342 409 1418 origo
425 1339 528 1399 mundi
547 1340 576 1398 in
592 1339 744 1400 hominum
760 1339 892 1398 notitiam
907 1339 1057 1408 venisset,
1079 1339 1144 1398 inde

119 1429 154 1488 tt
173 1425 326 1486 exordium
342 1441 541 1485 sumeremus:
566 1441 643 1484 nunc
659 1441 729 1483 vero
745 1422 774 1483 id
795 1420 982 1483 intervallum
998 1424 1146 1502 temporis

171 1508 304 1570 tractabo
327 1509 407 1587 quod
428 1508 589 1568 historicon
611 1508 706 1568 Varro
733 1505 868 1586 appellat.
912 1506 961 1566 hic
983 1508 1070 1566 enim
1094 1509 1145 1567 tria
1161 1516 1184 1563 15

172 1593 341 1654 discrimina
368 1601 535 1671 temporum
562 1609 626 1653 esse
645 1591 749 1660 tradit,
777 1592 906 1670 primum
928 1589 965 1651 ah
988 1589 1147 1652 hominum

173 1677 318 1758 principio
334 1676 371 1736 ad
387 1675 596 1755 cataclysmum
612 1677 752 1754 priorem,
768 1675 987 1755 quodpropter
1003 1676 1146 1753 ignoran-

172 1762 242 1821 tiam
263 1767 385 1820 rocatur
406 1759 524 1832 adelon,
556 1760 721 1822 secundum
748 1778 764 1820 a
785 1759 960 1838 cataclysmo
982 1761 1092 1838 priore
1113 1760 1147 1820 ad

173 1844 366 1926 olympiadem
393 1846 535 1924 primam,
567 1845 661 1923 quod,
693 1845 761 1923 quia
782 1843 874 1904 multa
901 1844 930 1903 in
951 1861 987 1903 eo
1009 1843 1149 1905 sabulosa

172 1929 362 2000 referuntur,
385 1930 536 2008 mythicon
551 1931 736 2000 nominatur,
759 1929 878 1989 tertium
900 1929 1029 2005 aprima
1056 1928 1148 2008 olym·
1164 1938 1187 1985 to

173 2015 259 2095 piade
275 2014 310 2076 ad
328 2032 396 2083 nos,
419 2015 496 2092 quod
513 2013 621 2074 dicitur
636 2014 814 2084 historicon,
839 2014 907 2092 quia
921 2029 971 2072 res
991 2013 1022 2071 in
1043 2031 1081 2074 eo
1098 2033 1149 2092 ge-

139 2108 236 2161 nstae
262 2101 340 2161 ueris
364 2099 495 2159 historiis
521 2099 719 2164 continentur.
764 2098 892 2176 primum
918 2104 1055 2176 tempuS,
1088 2100 1149 2158 sire

174 2184 276 2244 habuit
298 2184 412 2243 initium
434 2199 486 2244 seu
507 2199 626 2261 semper
647 2181 716 2252 luit,
748 2188 829 2243 certe
845 2187 917 2260 quot
937 2199 1090 2242 annorum
1113 2185 1151 2243 sit

174 2286 234 2327 non
259 2275 357 2346 potest
382 2266 594 2345 conprehendi.
639 2265 803 2328 secundum
826 2282 886 2326 non
914 2265 1002 2342 plane
1023 2267 1150 2344 quidem

175 2353 275 2421 scitur,
294 2351 345 2411 sed
361 2357 460 2412 tamen
475 2351 512 2411 ad
528 2350 607 2412 mille
624 2353 742 2412 circiter
759 2357 787 2412 et
802 2357 953 2412 sescentos
968 2366 1068 2410 annos
1084 2369 1150 2413 esse
1165 2359 1189 2407 et

176 2435 314 2496 creditur.
360 2454 376 2495 a
397 2436 498 2514 priore
524 2435 635 2497 scilicet
657 2433 847 2515 cataclysmo,
880 2452 966 2513 quern
991 2433 1099 2496 dicunt
1122 2443 1151 2496 et

176 2519 295 2600 Ogygii,
319 2519 355 2579 ad
371 2519 471 2580 lnachi
492 2538 617 2599 regnum
639 2537 732 2580 annos
748 2520 867 2580 circiter
883 2529 968 2578 cccc
984 2540 1000 2580 r
1016 2540 1052 2589 a,
1078 2520 1150 2581 hinc

177 2688 380 2700 ——-——

243 2792 267 2840 2.
285 2791 466 2854 peaaouoaD
536 2789 714 2854 quadriennii
735 2789 761 2838 V
828 2801 937 2840 meuses
955 2788 980 2837 D
1053 2791 1080 2840 7.
1101 2791 1151 2841 ob·

175 2860 242 2909 timo
269 2859 305 2920 V,
335 2859 439 2922 optime
462 2859 559 2908 Iohuus
580 2860 635 2908 aine
657 2861 763 2908 lacunae
785 2863 847 2907 uota
914 2857 939 2906 8.
970 2855 1036 2905 enni
1060 2857 1150 2907 Loeh-

175 2941 291 2985 manuue,
314 2941 369 2976 ante
387 2928 445 2978 DV
508 2928 534 2978 9.
558 2925 630 2990 apud
657 2926 681 2975 V
750 2926 790 2976 10.
812 2927 923 2989 poterat
943 2923 1016 2973 idem
1040 2923 1150 2987 Carrio,

175 3010 289 3058 porcean
307 2993 338 3044 oe
358 2995 388 3056 D,
406 2998 505 3060 postea
523 2993 566 3044 ide
584 2995 610 3056 d,
629 2997 726 3058 postea
744 2991 816 3041 idem
839 2992 867 3041 V
933 2992 972 3040 11.
991 2987 1151 3042 hecenennn

114 3086 116 3090 ·
176 3077 229 3113 nou
250 3077 328 3114 antus
347 3063 372 3111 D
441 3064 482 3113 15.
501 3062 656 3112 htsuonreon
669 3057 849 3123 (conturna.)
866 3058 900 3118 D,
918 3055 1061 3121 ἱετορικὸν
1075 3063 1151 3124 culpo

177 3131 216 3182 17.
235 3129 306 3195 quod
324 3156 356 3164 —
375 3127 475 3180 adelon
492 3145 539 3180 om.
563 3129 588 3178 V
657 3130 695 3179 18.
714 3125 835 3179 *coenon
853 3127 887 3189 D,
906 3122 1011 3189 ἄδηλον
1029 3129 1109 3190 uulgo

177 3214 193 3247 a
212 3198 380 3261 cataclysmo
398 3197 489 3262 priora
507 3213 554 3248 om.
572 3196 599 3245 V
647 3207 770 3261 potonem
788 3194 812 3242 D
881 3195 923 3246 20.
943 3191 1061 3256 μυθικὸν
1074 3199 1150 3259 culpo

176 3266 217 3318 21.
235 3261 377 3330 ἱετορικόν
393 3267 465 3330 culpo
534 3266 576 3317 22.
595 3275 717 3328 aempurn
735 3263 773 3324 D,
793 3263 900 3314 cornei
967 3261 1010 3314 23.
1030 3261 1108 3323 quod
1125 3263 1150 3311 D

176 3334 218 3382 at.
238 3330 445 3398 oonpnaeheuhr
457 3332 491 3394 D,
511 3330 665 3397 oonphendi
681 3330 709 3381 V
774 3330 817 3379 26.
837 3333 865 3379 et
877 3327 980 3392 Ogygii
992 3328 1026 3380 L.
1038 3329 1074 3378 de
1087 3329 1149 3388 Ian,

178 3413 302 3460 enocuon
320 3401 353 3460 D,
374 3400 488 3464 erogicii
509 3399 541 3462 V,
561 3402 589 3448 et
600 3401 671 3463 culpo
684 3414 731 3448 om.
783 3398 825 3448 tt.
839 3395 916 3446 iachi
932 3396 958 3444 V
1008 3395 1094 3446 annis
1116 3397 1149 3456 V,

178 3465 244 3510 unni
262 3469 326 3512 sunt
337 3465 433 3514 Iohnus
503 3464 683 3530 quahntceurt
700 3466 733 3523 D,
752 3462 950 3529 quadringenti
972 3461 998 3512 V
1012 3465 1106 3526 aretlpo,⁸
1122 3466 1149 3514 iu
