2416 3944
339 189 454 240 auum
471 189 623 242 reomm
640 179 712 245 um.
731 192 752 241 1.
991 191 1043 255 15-

60 341 220 424 promisoe
243 359 301 422 per
314 359 433 422 pecora
455 343 552 422 atque
568 341 743 405 exercitum
758 343 906 426 grassari.
942 363 1032 426 pror-

62 447 116 489 sus
137 423 247 488 nullus
268 421 376 488 funeri
397 424 512 488 modus
529 445 633 507 neque
655 425 798 508 requies:
820 426 869 489 uti
891 426 1031 510 quidque

61 509 148 574 malo
171 508 304 574 obvium
325 507 440 592 fuerat,
464 508 659 573 vastabatur.
705 510 776 592 quis
796 510 893 574 rebus
915 511 1032 576 solliei-

59 595 103 658 tis
125 593 261 658 ducibus
282 593 398 657 mulier
420 593 577 676 quaedam
599 591 658 658 deo
685 593 783 676 plena
803 592 928 659 Dianae
950 595 1031 659 iram

59 678 164 742 fatur:
188 698 260 742 eam
279 698 419 760 namque
444 677 486 742 ob
507 694 620 741 necem
641 698 784 762 capreae,
807 700 871 762 qua
893 680 1056 744 maximae
1139 743 1142 752 ,

58 763 252 844 laetabatur,
268 761 428 846 sacrilegii
442 782 582 846 poenam
593 762 633 826 ab
646 763 787 827 exercitu
799 767 957 846 expetere,
971 785 1032 829 nec

57 846 166 930 leniri,
181 846 369 930 priusquam
383 851 496 911 auctor
510 846 594 910 tanti
609 847 736 911 sceleris
757 847 857 912 filiam
872 852 951 912 natu
965 871 1033 913 ma·

57 931 181 994 rimam
196 931 349 994 vicariam
363 931 529 994 victimam
543 931 784 996 immolavisset.
819 953 901 1016 quae
916 952 980 996 vox
994 937 1032 997 ut

58 1015 99 1078 ad
135 1015 310 1080 exercitum
344 1015 447 1098 venit,
481 1037 592 1080 omnes
625 1014 720 1080 duces
752 1018 1030 1101 Agamemnonem

57 1099 181 1166 adeunt
203 1119 339 1182 eumque
367 1099 472 1182 primo
501 1121 592 1164 orare
620 1105 884 1184 recusantemque
912 1101 953 1166 ad
974 1124 1030 1186 po·
1044 1119 1069 1159 10

58 1189 215 1248 stremum
230 1203 356 1267 cogere,
371 1183 419 1247 uti
430 1183 516 1248 malo
537 1185 666 1250 obviam
683 1189 879 1269 properaret.
904 1186 960 1250 sed
975 1187 1031 1250 ubi

58 1267 223 1332 obstinate
245 1288 379 1331 renuere
395 1267 516 1350 vident,
538 1289 598 1333 nec
613 1268 680 1332 ulla
700 1269 733 1331 ri
756 1273 879 1351 queunt
893 1270 1030 1353 flectere,

57 1351 209 1448 plurimis
224 1351 378 1416 conviciis
392 1351 531 1416 insecuti
542 1352 582 1448 ad
593 1355 790 1448 postremum
805 1353 895 1449 regio
907 1352 1031 1419 honore

58 1436 1068 1606 {alraarehaereditaret1⁵

58 1608 135 1668 ante
162 1624 275 1668 omnes
302 1603 507 1669 Palamedem
534 1604 610 1669 dein
628 1603 819 1670 Diomedem
846 1610 879 1670 et
897 1607 1030 1672 Aiacem

57 1688 295 1772 Telamonium,
323 1693 473 1771 quartum
498 1689 681 1754 Idomenea.
720 1690 767 1753 ita
787 1711 846 1772 per
867 1692 1029 1773 aequatio-

57 1795 135 1838 nem
157 1773 285 1837 numeri
307 1777 403 1856 atque
424 1776 566 1858 partium
588 1773 840 1857 quadripertitur
862 1776 1029 1841 exercitus.
1092 1784 1099 1795 '

144 1856 217 1924 XX.
254 1856 368 1940 Neque
396 1858 526 1922 interim
554 1859 639 1922 ullus
660 1859 735 1922 finis
756 1859 933 1923 vastitatis:
957 1881 1030 1924 oum

58 1941 173 2006 Ulixes
196 1939 346 2006 simulata
368 1963 407 2006 ex
428 1943 607 2025 pertinacia
628 1943 883 2026 Agamemnonis
904 1944 1028 2008 iracun-
1041 1957 1067 2000 20

58 2026 112 2090 dia
140 2029 173 2089 et
201 2026 242 2089 oh
270 2025 304 2088 id
331 2025 561 2090 domuitionem
584 2027 777 2090 confirmans
804 2047 961 2110 magnum
983 2031 1029 2092 at-

59 2131 123 2174 cue
145 2109 340 2193 insperabile
363 2111 486 2174 cunctis
508 2109 684 2174 remedium
707 2110 911 2194 excogitavit.
956 2132 1029 2194 pro-

57 2134 324 2277 lecturumque
346 2193 499 2277 Mycenas
527 2194 618 2259 nullo
641 2193 768 2258 consilii
791 2195 948 2278 participe
970 2195 1028 2258 fal-

58 2301 110 2342 sas
131 2279 257 2342 litteras
277 2281 442 2362 tamquam
470 2279 510 2343 ab
532 2279 776 2364 Agamemnone
804 2278 844 2343 ad
872 2279 909 2345 Ol
965 2301 1029 2344 me·

58 2368 159 2428 stram
187 2361 324 2445 perfert,
353 2384 489 2446 quarum
511 2363 672 2428 sententia
693 2363 773 2428 haec
795 2367 877 2428 erat:
916 2364 974 2447 phi
998 2387 1028 2429 e·
1041 2380 1066 2421 2⁵

57 2448 164 2529 niam,
187 2469 264 2512 nam
286 2468 324 2512 ea
345 2447 449 2512 maior
470 2451 550 2511 natu
573 2451 657 2531 erat,
681 2446 871 2531 desponsam
893 2385 1027 2513 Achidi:

58 2552 255 2680 thura?
256 2529 828 2701 ¹¹1atet?flttutffldttt
841 2553 1029 2701 &latest

59 2720 141 2782 quae
163 2700 288 2783 nuptiis
310 2701 382 2764 usui
403 2704 526 2784 essent,
548 2705 673 2765 mature
689 2701 825 2765 mittere.
862 2706 1028 2784 praeterea

58 2783 162 2848 mults
176 2804 236 2867 pro
251 2785 384 2868 negotio
405 2785 531 2850 locutus
552 2786 706 2849 ementito
727 2790 917 2870 argumento
933 2785 1028 2850 fidem
1041 2800 1066 2840 ³0

58 2871 188 2944 fecerat.
256 2889 315 2932 uae
337 2869 393 2932 ubi
416 2869 539 2954 accepit
561 2869 773 2953 Clytemestra
801 2890 874 2932 oum
895 2873 1028 2953 propter

59 2953 198 3036 gratiam
219 2890 377 3036 idelenae,
405 2957 474 3017 tum
502 2954 654 3033 maxime,
684 2953 770 3035 quod
796 2957 864 3018 tam
893 2953 1028 3018 celeber-

59 3037 135 3100 rimi
155 3037 298 3102 nominis
321 3037 390 3102 viro
413 3036 481 3102 filia
501 3037 695 3121 traderetur,
717 3038 803 3101 laeta
823 3036 1027 3123 Iphigeniam

59 3118 150 3184 Ulixi
173 3121 356 3186 committit.
393 3122 484 3206 isque
507 3121 654 3187 confecto
676 3123 809 3206 negotio
831 3123 941 3205 paucis
964 3121 1027 3185 die

128 3325 278 3377 llinirid
339 3327 370 3376 12
388 3327 559 3378 rennueret?
628 3327 660 3378 18
678 3326 799 3378 muneris
816 3328 901 3376 maluit
918 3325 1027 3376 Obrech-

61 3401 101 3440 ras
180 3395 214 3444 20
235 3393 389 3458 pertinatia
409 3393 458 3445 GB
538 3397 571 3444 21
595 3394 835 3445 domimentionem
859 3393 907 3444 GB
929 3395 1026 3444 emend.

59 3459 197 3512 Mercerue
282 3462 316 3510 22
332 3461 563 3526 inseparabileG
596 3460 781 3526 inseparabile
801 3461 826 3511 B
842 3476 911 3511 corr.
931 3463 962 3510 P.
1096 3462 1098 3466 ⁴

60 3527 94 3574 26
111 3527 312 3592 disponssmG
347 3528 509 3594 desponsam
527 3529 553 3577 B
622 3531 654 3580 32
672 3529 779 3579 tuncG
814 3534 872 3578 tum
889 3527 923 3576 B.
