<?xml version="1.0" encoding="UTF-8"?>
<!DOCTYPE html PUBLIC "-//W3C//DTD XHTML 1.0 Transitional//EN"
    "http://www.w3.org/TR/xhtml1/DTD/xhtml1-transitional.dtd">
<html xmlns="http://www.w3.org/1999/xhtml" xml:lang="en" lang="en">
 <head>
  <title>
</title>
<meta http-equiv="Content-Type" content="text/html;charset=utf-8" />
  <meta name='ocr-system' content='tesseract 3.04.00' />
  <meta name='ocr-capabilities' content='ocr_page ocr_carea ocr_par ocr_line ocrx_word'/>
</head>
<body>
  <div class='ocr_page' id='page_1' title='image "./ephemeridosbell00meisgoog_0319.png"; bbox 0 0 2424 3938; ppageno 0'>
   <div class='ocr_carea' id='block_1_1' title="bbox 135 201 756 274">
    <p class='ocr_par' dir='ltr' id='par_1_1' title="bbox 135 201 756 274">
     <span class='ocr_line' id='line_1_1' title="bbox 135 201 756 274; baseline 0.005 -19"><span class='ocrx_word' id='word_1_1' title='bbox 135 227 206 274; x_wconf 60' lang='grc' dir='ltr'>ω</span> <span class='ocrx_word' id='word_1_2' title='bbox 504 201 756 258; x_wconf 73' lang='lat' dir='ltr'>Possessio.</span> 
     </span>
    </p>
   </div>
   <div class='ocr_carea' id='block_1_2' title="bbox 133 345 1192 1846">
    <p class='ocr_par' dir='ltr' id='par_1_2' title="bbox 134 345 1117 962">
     <span class='ocr_line' id='line_1_2' title="bbox 135 345 1116 432; baseline -0.001 -18"><span class='ocrx_word' id='word_1_3' title='bbox 135 351 176 414; x_wconf 91' lang='lat' dir='ltr'>ad</span> <span class='ocrx_word' id='word_1_4' title='bbox 198 349 331 413; x_wconf 87' lang='lat' dir='ltr'>verbum</span> <span class='ocrx_word' id='word_1_5' title='bbox 352 348 526 432; x_wconf 80' lang='lat' dir='ltr'>rescripsit,</span> <span class='ocrx_word' id='word_1_6' title='bbox 547 369 651 430; x_wconf 87' lang='lat' dir='ltr'>pauca</span> <span class='ocrx_word' id='word_1_7' title='bbox 673 347 737 410; x_wconf 89' lang='lat' dir='ltr'>alia</span> <span class='ocrx_word' id='word_1_8' title='bbox 760 345 892 428; x_wconf 80' lang='lat' dir='ltr'><strong>addidit,</strong></span> <span class='ocrx_word' id='word_1_9' title='bbox 914 349 953 409; x_wconf 88' lang='lat' dir='ltr'>ut</span> <span class='ocrx_word' id='word_1_10' title='bbox 968 350 1116 413; x_wconf 86' lang='lat' dir='ltr'>somnium</span> 
     </span>
     <span class='ocr_line' id='line_1_3' title="bbox 134 433 1117 520; baseline 0 -18"><span class='ocrx_word' id='word_1_11' title='bbox 134 437 300 520; x_wconf 80' lang='lat' dir='ltr'>Hecubae,</span> <span class='ocrx_word' id='word_1_12' title='bbox 323 457 465 502; x_wconf 88' lang='lat' dir='ltr'>amorem</span> <span class='ocrx_word' id='word_1_13' title='bbox 487 435 669 500; x_wconf 91' lang='lat' dir='ltr'>Paridiset</span> <span class='ocrx_word' id='word_1_14' title='bbox 691 433 856 516; x_wconf 90' lang='lat' dir='ltr'>Oenonae,</span> <span class='ocrx_word' id='word_1_15' title='bbox 888 433 1001 498; x_wconf 90' lang='lat' dir='ltr'>dolum</span> <span class='ocrx_word' id='word_1_16' title='bbox 1024 433 1117 502; x_wconf 78' lang='lat' dir='ltr'>Ulixis</span> 
     </span>
     <span class='ocr_line' id='line_1_4' title="bbox 134 487 1116 609; baseline -0.001 -18"><span class='ocrx_word' id='word_1_17' title='bbox 134 527 169 591; x_wconf 91' lang='lat' dir='ltr'>in</span> <span class='ocrx_word' id='word_1_18' title='bbox 197 526 270 590; x_wconf 91' lang='lat' dir='ltr'>aula</span> <span class='ocrx_word' id='word_1_19' title='bbox 291 487 483 609; x_wconf 84' lang='lat' dir='ltr'><strong>Lycomedis</strong></span> <span class='ocrx_word' id='word_1_20' title='bbox 507 523 546 588; x_wconf 92' lang='lat' dir='ltr'>de</span> <span class='ocrx_word' id='word_1_21' title='bbox 568 523 695 588; x_wconf 79' lang='lat' dir='ltr'>Achille</span> <span class='ocrx_word' id='word_1_22' title='bbox 723 521 914 605; x_wconf 90' lang='lat' dir='ltr'>adhibitum,</span> <span class='ocrx_word' id='word_1_23' title='bbox 947 523 1013 586; x_wconf 88' lang='lat' dir='ltr'>alia</span> <span class='ocrx_word' id='word_1_24' title='bbox 1035 546 1116 608; x_wconf 85' lang='lat' dir='ltr'>prae</span> 
     </span>
     <span class='ocr_line' id='line_1_5' title="bbox 135 611 1116 698; baseline -0.001 -20"><span class='ocrx_word' id='word_1_25' title='bbox 135 615 227 698; x_wconf 83' lang='lat' dir='ltr'>cipue</span> <span class='ocrx_word' id='word_1_26' title='bbox 250 636 331 698; x_wconf 90' lang='lat' dir='ltr'>quae</span> <span class='ocrx_word' id='word_1_27' title='bbox 353 613 427 678; x_wconf 90' lang='lat' dir='ltr'>fidei</span> <span class='ocrx_word' id='word_1_28' title='bbox 442 611 644 678; x_wconf 77' lang='lat' dir='ltr'>Christianae</span> <span class='ocrx_word' id='word_1_29' title='bbox 667 612 893 696; x_wconf 83' lang='lat' dir='ltr'>repugnabant</span> <span class='ocrx_word' id='word_1_30' title='bbox 911 613 1116 678; x_wconf 88' lang='lat' dir='ltr'>mutavitt</span> <span class='ocrx_word' id='word_1_31' title='bbox 1073 612 1116 698; x_wconf 79' lang='lat' dir='ltr'>(ut</span> 
     </span>
     <span class='ocr_line' id='line_1_6' title="bbox 134 699 1116 804; baseline -0.003 -36"><span class='ocrx_word' id='word_1_32' title='bbox 134 703 258 768; x_wconf 86' lang='lat' dir='ltr'>verba</span> <span class='ocrx_word' id='word_1_33' title='bbox 247 726 266 766; x_wconf 89' lang='lat' dir='ltr'>a</span> <span class='ocrx_word' id='word_1_34' title='bbox 279 704 311 766; x_wconf 91' lang='lat' dir='ltr'>la</span> <span class='ocrx_word' id='word_1_35' title='bbox 334 702 442 766; x_wconf 79' lang='lat' dir='ltr'>deesse</span> <span class='ocrx_word' id='word_1_36' title='bbox 456 699 594 764; x_wconf 86' lang='lat' dir='ltr'>Diana</span> <span class='ocrx_word' id='word_1_37' title='bbox 585 724 650 784; x_wconf 88' lang='lat' dir='ltr'>m,</span> <span class='ocrx_word' id='word_1_38' title='bbox 650 724 680 784; x_wconf 89' lang='lat' dir='ltr'>,a</span> <span class='ocrx_word' id='word_1_39' title='bbox 693 703 761 764; x_wconf 86' lang='lat' dir='ltr'>cest</span> <span class='ocrx_word' id='word_1_40' title='bbox 746 699 884 764; x_wconf 89' lang='lat' dir='ltr'>tdiable</span> <span class='ocrx_word' id='word_1_41' title='bbox 897 699 966 766; x_wconf 90' lang='lat' dir='ltr'>dict</span> <span class='ocrx_word' id='word_1_42' title='bbox 979 699 1116 804; x_wconf 52' lang='lat' dir='ltr'>DyanaU</span> 
     </span>
     <span class='ocr_line' id='line_1_7' title="bbox 134 749 1115 874; baseline 0 -19"><span class='ocrx_word' id='word_1_43' title='bbox 134 792 182 856; x_wconf 90' lang='lat' dir='ltr'>ita</span> <span class='ocrx_word' id='word_1_44' title='bbox 204 794 322 873; x_wconf 83' lang='lat' dir='ltr'>tamen,</span> <span class='ocrx_word' id='word_1_45' title='bbox 339 793 375 854; x_wconf 93' lang='lat' dir='ltr'>ut</span> <span class='ocrx_word' id='word_1_46' title='bbox 388 790 570 874; x_wconf 88' lang='lat' dir='ltr'>ubicunque</span> <span class='ocrx_word' id='word_1_47' title='bbox 592 749 759 853; x_wconf 75' lang='lat' dir='ltr'>Benedicti</span> <span class='ocrx_word' id='word_1_48' title='bbox 733 791 900 854; x_wconf 88' lang='lat' dir='ltr'>tnomen</span> <span class='ocrx_word' id='word_1_49' title='bbox 922 789 958 852; x_wconf 90' lang='grc' dir='ltr'>ιιι</span> <span class='ocrx_word' id='word_1_50' title='bbox 982 791 1115 855; x_wconf 83' lang='lat' dir='ltr'>carmine</span> 
     </span>
     <span class='ocr_line' id='line_1_8' title="bbox 135 877 1116 980; baseline 0.003 -40"><span class='ocrx_word' id='word_1_51' title='bbox 135 879 206 962; x_wconf 89' lang='lat' dir='ltr'>ipso</span> <span class='ocrx_word' id='word_1_52' title='bbox 226 879 381 980; x_wconf 83' lang='lat' dir='ltr'>scriptum</span> <span class='ocrx_word' id='word_1_53' title='bbox 404 881 473 942; x_wconf 89' lang='lat' dir='ltr'>erat</span> <span class='ocrx_word' id='word_1_54' title='bbox 485 877 547 942; x_wconf 93' lang='lat' dir='ltr'>hoc</span> <span class='ocrx_word' id='word_1_55' title='bbox 562 877 711 942; x_wconf 87' lang='lat' dir='ltr'>delerete</span> <span class='ocrx_word' id='word_1_56' title='bbox 666 881 798 961; x_wconf 92' lang='lat' dir='ltr'>tetpro</span> <span class='ocrx_word' id='word_1_57' title='bbox 814 898 852 941; x_wconf 90' lang='lat' dir='ltr'>eo</span> <span class='ocrx_word' id='word_1_58' title='bbox 867 897 962 940; x_wconf 90' lang='lat' dir='ltr'>suum</span> <span class='ocrx_word' id='word_1_59' title='bbox 981 883 1116 960; x_wconf 89' lang='lat' dir='ltr'>poneret</span> 
     </span>
    </p>

    <p class='ocr_par' dir='ltr' id='par_1_3' title="bbox 133 964 1192 1846">
     <span class='ocr_line' id='line_1_9' title="bbox 223 964 1115 1054; baseline 0.001 -24"><span class='ocrx_word' id='word_1_60' title='bbox 223 965 378 1031; x_wconf 90' lang='lat' dir='ltr'>Deinde&#39;</span> <span class='ocrx_word' id='word_1_61' title='bbox 368 989 404 1031; x_wconf 92' lang='lat' dir='ltr'>m</span> <span class='ocrx_word' id='word_1_62' title='bbox 418 966 486 1031; x_wconf 92' lang='lat' dir='ltr'>cod.</span> <span class='ocrx_word' id='word_1_63' title='bbox 508 965 585 1030; x_wconf 92' lang='lat' dir='ltr'>bibl.</span> <span class='ocrx_word' id='word_1_64' title='bbox 606 965 697 1049; x_wconf 91' lang='lat' dir='ltr'>publ.</span> <span class='ocrx_word' id='word_1_65' title='bbox 708 965 812 1029; x_wconf 86' lang='lat' dir='ltr'>Paris.</span> <span class='ocrx_word' id='word_1_66' title='bbox 833 985 910 1030; x_wconf 91' lang='lat' dir='ltr'>msc.</span> <span class='ocrx_word' id='word_1_67' title='bbox 924 964 964 1029; x_wconf 85' lang='lat' dir='ltr'>fr.</span> <span class='ocrx_word' id='word_1_68' title='bbox 978 987 1011 1030; x_wconf 93' lang='grc' dir='ltr'>ιι.</span> <span class='ocrx_word' id='word_1_69' title='bbox 1026 967 1115 1054; x_wconf 65' lang='grc'>8211)</span> 
     </span>
     <span class='ocr_line' id='line_1_10' title="bbox 136 1053 1190 1138; baseline 0.002 -20"><span class='ocrx_word' id='word_1_70' title='bbox 136 1077 216 1119; x_wconf 89' lang='lat' dir='ltr'>saec.</span> <span class='ocrx_word' id='word_1_71' title='bbox 244 1054 322 1118; x_wconf 91' lang='lat' dir='ltr'>XIV</span> <span class='ocrx_word' id='word_1_72' title='bbox 348 1053 403 1119; x_wconf 89' lang='lat' dir='ltr'>fol.</span> <span class='ocrx_word' id='word_1_73' title='bbox 438 1055 545 1120; x_wconf 92' lang='grc'><strong>1-12</strong></span> <span class='ocrx_word' id='word_1_74' title='bbox 573 1055 659 1120; x_wconf 87' lang='grc'>1988</span> <span class='ocrx_word' id='word_1_75' title='bbox 688 1054 834 1118; x_wconf 87' lang='lat' dir='ltr'>versibus</span> <span class='ocrx_word' id='word_1_76' title='bbox 868 1053 936 1118; x_wconf 91' lang='lat' dir='ltr'>sine</span> <span class='ocrx_word' id='word_1_77' title='bbox 955 1054 1063 1138; x_wconf 91' lang='lat' dir='ltr'>dubio,</span> <span class='ocrx_word' id='word_1_78' title='bbox 1084 1061 1116 1120; x_wconf 88' lang='lat' dir='ltr'>ut</span> <span class='ocrx_word' id='word_1_79' title='bbox 1189 1069 1190 1074; x_wconf 76' lang='grc'>’</span> 
     </span>
     <span class='ocr_line' id='line_1_11' title="bbox 134 1141 1115 1226; baseline 0.002 -20"><span class='ocrx_word' id='word_1_80' title='bbox 134 1143 249 1207; x_wconf 89' lang='lat' dir='ltr'>lacuna</span> <span class='ocrx_word' id='word_1_81' title='bbox 282 1143 436 1212; x_wconf 85' lang='lat' dir='ltr'>historiae</span> <span class='ocrx_word' id='word_1_82' title='bbox 472 1143 665 1226; x_wconf 81' lang='lat' dir='ltr'>expleretur,</span> <span class='ocrx_word' id='word_1_83' title='bbox 701 1142 850 1207; x_wconf 85' lang='lat' dir='ltr'>iuventus</span> <span class='ocrx_word' id='word_1_84' title='bbox 882 1141 1034 1207; x_wconf 86' lang='lat' dir='ltr'>Hectoris</span> <span class='ocrx_word' id='word_1_85' title='bbox 1070 1144 1115 1208; x_wconf 90' lang='lat' dir='ltr'>de-</span> 
     </span>
     <span class='ocr_line' id='line_1_12' title="bbox 135 1229 1116 1316; baseline 0.001 -21"><span class='ocrx_word' id='word_1_86' title='bbox 135 1231 284 1296; x_wconf 88' lang='lat' dir='ltr'>scribitur</span> <span class='ocrx_word' id='word_1_87' title='bbox 316 1232 370 1316; x_wconf 91' lang='lat' dir='ltr'>qui</span> <span class='ocrx_word' id='word_1_88' title='bbox 401 1230 539 1296; x_wconf 88' lang='lat' dir='ltr'>Hercule</span> <span class='ocrx_word' id='word_1_89' title='bbox 570 1235 685 1296; x_wconf 90' lang='lat' dir='ltr'>necato</span> <span class='ocrx_word' id='word_1_90' title='bbox 718 1233 855 1295; x_wconf 87' lang='lat' dir='ltr'>mortem</span> <span class='ocrx_word' id='word_1_91' title='bbox 891 1229 1116 1296; x_wconf 88' lang='lat' dir='ltr'>Laomedontis</span> 
     </span>
     <span class='ocr_line' id='line_1_13' title="bbox 135 1318 1117 1404; baseline 0 -20"><span class='ocrx_word' id='word_1_92' title='bbox 135 1320 186 1384; x_wconf 90' lang='lat' dir='ltr'>avi</span> <span class='ocrx_word' id='word_1_93' title='bbox 210 1320 259 1384; x_wconf 90' lang='lat' dir='ltr'>sui</span> <span class='ocrx_word' id='word_1_94' title='bbox 282 1319 445 1384; x_wconf 86' lang='lat' dir='ltr'>ulciscitur</span> <span class='ocrx_word' id='word_1_95' title='bbox 468 1323 563 1403; x_wconf 90' lang='lat' dir='ltr'>atque</span> <span class='ocrx_word' id='word_1_96' title='bbox 586 1320 621 1383; x_wconf 90' lang='grc' dir='ltr'>ιιι</span> <span class='ocrx_word' id='word_1_97' title='bbox 644 1320 755 1384; x_wconf 86' lang='lat' dir='ltr'>eodem</span> <span class='ocrx_word' id='word_1_98' title='bbox 778 1318 875 1402; x_wconf 91' lang='lat' dir='ltr'>libro,</span> <span class='ocrx_word' id='word_1_99' title='bbox 902 1319 937 1382; x_wconf 89' lang='lat' dir='ltr'>in</span> <span class='ocrx_word' id='word_1_100' title='bbox 960 1342 1026 1404; x_wconf 91' lang='lat' dir='ltr'>quo</span> <span class='ocrx_word' id='word_1_101' title='bbox 1050 1341 1117 1384; x_wconf 89' lang='lat' dir='ltr'>cum</span> 
     </span>
     <span class='ocr_line' id='line_1_14' title="bbox 134 1404 1116 1490; baseline 0.002 -20"><span class='ocrx_word' id='word_1_102' title='bbox 134 1408 197 1472; x_wconf 88' lang='lat' dir='ltr'>alia</span> <span class='ocrx_word' id='word_1_103' title='bbox 226 1413 296 1472; x_wconf 91' lang='lat' dir='ltr'>tum</span> <span class='ocrx_word' id='word_1_104' title='bbox 324 1407 379 1472; x_wconf 86' lang='lat' dir='ltr'>fol.</span> <span class='ocrx_word' id='word_1_105' title='bbox 403 1407 553 1471; x_wconf 79' lang='lat'>82-251</span> <span class='ocrx_word' id='word_1_106' title='bbox 584 1408 632 1490; x_wconf 89' lang='lat' dir='ltr'>„le</span> <span class='ocrx_word' id='word_1_107' title='bbox 655 1407 783 1471; x_wconf 87' lang='lat' dir='ltr'>Roman</span> <span class='ocrx_word' id='word_1_108' title='bbox 812 1407 851 1472; x_wconf 88' lang='lat' dir='ltr'>de</span> <span class='ocrx_word' id='word_1_109' title='bbox 875 1404 1007 1472; x_wconf 68' lang='grc' dir='ltr'>Τιοιιιιιιι</span> <span class='ocrx_word' id='word_1_110' title='bbox 1036 1410 1116 1472; x_wconf 86' lang='lat' dir='ltr'>inter</span> 
     </span>
     <span class='ocr_line' id='line_1_15' title="bbox 134 1494 1191 1582; baseline 0.002 -24"><span class='ocrx_word' id='word_1_111' title='bbox 134 1496 318 1578; x_wconf 87' lang='lat' dir='ltr'>„historiam</span> <span class='ocrx_word' id='word_1_112' title='bbox 332 1494 544 1560; x_wconf 84' lang='lat' dir='ltr'>Troianorum</span> <span class='ocrx_word' id='word_1_113' title='bbox 567 1516 740 1582; x_wconf 88' lang='lat' dir='ltr'>eorumque</span> <span class='ocrx_word' id='word_1_114' title='bbox 753 1494 972 1560; x_wconf 82' lang='lat' dir='ltr'>coloniarum“</span> <span class='ocrx_word' id='word_1_115' title='bbox 994 1495 1118 1581; x_wconf 89' lang='lat' dir='ltr'>et„Da-</span> <span class='ocrx_word' id='word_1_116' title='bbox 1190 1509 1191 1512; x_wconf 75' lang='grc'>’</span> 
     </span>
     <span class='ocr_line' id='line_1_16' title="bbox 133 1582 1119 1670; baseline 0.002 -24"><span class='ocrx_word' id='word_1_117' title='bbox 133 1585 211 1646; x_wconf 89' lang='lat' dir='ltr'>retis</span> <span class='ocrx_word' id='word_1_118' title='bbox 234 1584 403 1648; x_wconf 87' lang='lat' dir='ltr'>historiam</span> <span class='ocrx_word' id='word_1_119' title='bbox 425 1582 566 1667; x_wconf 91' lang='lat' dir='ltr'>Philippi</span> <span class='ocrx_word' id='word_1_120' title='bbox 590 1587 622 1647; x_wconf 90' lang='lat' dir='ltr'>et</span> <span class='ocrx_word' id='word_1_121' title='bbox 643 1582 838 1648; x_wconf 87' lang='lat' dir='ltr'>Alexandri“</span> <span class='ocrx_word' id='word_1_122' title='bbox 863 1584 1036 1670; x_wconf 82' lang='lat' dir='ltr'>reperitur,</span> <span class='ocrx_word' id='word_1_123' title='bbox 1066 1585 1119 1649; x_wconf 88' lang='lat' dir='ltr'>fol.</span> 
     </span>
     <span class='ocr_line' id='line_1_17' title="bbox 134 1671 1117 1757; baseline 0.002 -23"><span class='ocrx_word' id='word_1_124' title='bbox 134 1671 309 1734; x_wconf 81' lang='grc'><strong>264-269</strong></span> <span class='ocrx_word' id='word_1_125' title='bbox 323 1672 471 1754; x_wconf 91' lang='lat' dir='ltr'>prosaica</span> <span class='ocrx_word' id='word_1_126' title='bbox 493 1672 636 1736; x_wconf 89' lang='lat' dir='ltr'>narratio</span> <span class='ocrx_word' id='word_1_127' title='bbox 660 1676 710 1736; x_wconf 92' lang='lat' dir='ltr'>est</span> <span class='ocrx_word' id='word_1_128' title='bbox 729 1692 855 1755; x_wconf 88' lang='lat' dir='ltr'>„rerum</span> <span class='ocrx_word' id='word_1_129' title='bbox 879 1677 1045 1757; x_wconf 84' lang='lat' dir='ltr'>gestanrm</span> <span class='ocrx_word' id='word_1_130' title='bbox 1063 1673 1117 1736; x_wconf 89' lang='lat' dir='ltr'>filii</span> 
     </span>
     <span class='ocr_line' id='line_1_18' title="bbox 133 1757 1192 1846; baseline 0.006 -24"><span class='ocrx_word' id='word_1_131' title='bbox 133 1757 283 1822; x_wconf 88' lang='lat' dir='ltr'>Hectoris</span> <span class='ocrx_word' id='word_1_132' title='bbox 310 1757 537 1842; x_wconf 85' lang='lat' dir='ltr'>Landomata“‚</span> <span class='ocrx_word' id='word_1_133' title='bbox 569 1761 706 1843; x_wconf 89' lang='lat' dir='ltr'>repetita</span> <span class='ocrx_word' id='word_1_134' title='bbox 732 1761 767 1822; x_wconf 90' lang='lat' dir='ltr'>in</span> <span class='ocrx_word' id='word_1_135' title='bbox 790 1761 860 1825; x_wconf 93' lang='lat' dir='ltr'>cod.</span> <span class='ocrx_word' id='word_1_136' title='bbox 887 1781 919 1824; x_wconf 91' lang='lat' dir='ltr'>n.</span> <span class='ocrx_word' id='word_1_137' title='bbox 945 1762 1009 1826; x_wconf 78' lang='lat'>785</span> <span class='ocrx_word' id='word_1_138' title='bbox 1039 1783 1117 1846; x_wconf 86' lang='lat' dir='ltr'>quae</span> <span class='ocrx_word' id='word_1_139' title='bbox 1191 1799 1192 1828; x_wconf 74' lang='lat'>3</span> 
     </span>
    </p>
   </div>
   <div class='ocr_carea' id='block_1_3' title="bbox 133 1845 1192 1914">
    <p class='ocr_par' dir='ltr' id='par_1_4' title="bbox 133 1845 1192 1914">
     <span class='ocr_line' id='line_1_19' title="bbox 133 1845 1192 1914; baseline 0.005 -4"><span class='ocrx_word' id='word_1_140' title='bbox 133 1869 206 1910; x_wconf 89' lang='lat' dir='ltr'>cum</span> <span class='ocrx_word' id='word_1_141' title='bbox 229 1848 370 1912; x_wconf 85' lang='lat' dir='ltr'>carmine</span> <span class='ocrx_word' id='word_1_142' title='bbox 383 1846 550 1912; x_wconf 89' lang='lat' dir='ltr'>Benedicti</span> <span class='ocrx_word' id='word_1_143' title='bbox 568 1849 727 1912; x_wconf 82' lang='lat' dir='ltr'>artissime</span> <span class='ocrx_word' id='word_1_144' title='bbox 742 1849 893 1914; x_wconf 83' lang='lat' dir='ltr'>cohaeret</span> <span class='ocrx_word' id='word_1_145' title='bbox 916 1849 973 1912; x_wconf 91' lang='lat' dir='ltr'>sed</span> <span class='ocrx_word' id='word_1_146' title='bbox 994 1850 1117 1914; x_wconf 89' lang='lat' dir='ltr'>minimi</span> <span class='ocrx_word' id='word_1_147' title='bbox 1191 1845 1192 1848; x_wconf 48' lang='lat'>&#39;</span> 
     </span>
    </p>
   </div>
   <div class='ocr_carea' id='block_1_4' title="bbox 129 1936 1193 3342">
    <p class='ocr_par' dir='ltr' id='par_1_5' title="bbox 132 1936 310 2018">
     <span class='ocr_line' id='line_1_20' title="bbox 132 1936 310 2018; baseline 0 -19"><span class='ocrx_word' id='word_1_148' title='bbox 132 1936 229 2018; x_wconf 89' lang='lat' dir='ltr'>pretii</span> <span class='ocrx_word' id='word_1_149' title='bbox 252 1939 310 2001; x_wconf 88' lang='lat' dir='ltr'>est.</span> 
     </span>
    </p>

    <p class='ocr_par' dir='ltr' id='par_1_6' title="bbox 131 2023 1193 2719">
     <span class='ocr_line' id='line_1_21' title="bbox 220 2023 1118 2110; baseline 0 -22"><span class='ocrx_word' id='word_1_150' title='bbox 220 2024 250 2088; x_wconf 83' lang='lat' dir='ltr'><strong>A</strong></span> <span class='ocrx_word' id='word_1_151' title='bbox 274 2045 354 2088; x_wconf 90' lang='lat' dir='ltr'>saec.</span> <span class='ocrx_word' id='word_1_152' title='bbox 368 2023 448 2087; x_wconf 89' lang='lat' dir='ltr'><strong>XIII</strong></span> <span class='ocrx_word' id='word_1_153' title='bbox 461 2023 628 2089; x_wconf 89' lang='lat' dir='ltr'>Benedicti</span> <span class='ocrx_word' id='word_1_154' title='bbox 646 2046 775 2090; x_wconf 89' lang='lat' dir='ltr'>carmen</span> <span class='ocrx_word' id='word_1_155' title='bbox 794 2025 988 2108; x_wconf 89' lang='lat' dir='ltr'>aliquotiens</span> <span class='ocrx_word' id='word_1_156' title='bbox 1007 2027 1118 2110; x_wconf 82' lang='lat' dir='ltr'>lingua</span> 
     </span>
     <span class='ocr_line' id='line_1_22' title="bbox 131 2109 1117 2197; baseline -0.001 -21"><span class='ocrx_word' id='word_1_157' title='bbox 131 2113 279 2193; x_wconf 87' lang='lat' dir='ltr'>prosaica</span> <span class='ocrx_word' id='word_1_158' title='bbox 300 2113 459 2177; x_wconf 85' lang='lat' dir='ltr'>redditum</span> <span class='ocrx_word' id='word_1_159' title='bbox 482 2109 563 2196; x_wconf 74' lang='lat' dir='ltr'>est²)</span> <span class='ocrx_word' id='word_1_160' title='bbox 587 2116 682 2196; x_wconf 88' lang='lat' dir='ltr'>atque</span> <span class='ocrx_word' id='word_1_161' title='bbox 704 2113 863 2197; x_wconf 91' lang='lat' dir='ltr'>hodieque</span> <span class='ocrx_word' id='word_1_162' title='bbox 886 2115 998 2178; x_wconf 84' lang='lat' dir='ltr'>extat</span> <span class='ocrx_word' id='word_1_163' title='bbox 988 2135 1024 2177; x_wconf 94' lang='lat' dir='ltr'>m</span> <span class='ocrx_word' id='word_1_164' title='bbox 1045 2113 1117 2176; x_wconf 91' lang='lat' dir='ltr'>bibl</span> 
     </span>
     <span class='ocr_line' id='line_1_23' title="bbox 131 2197 1193 2298; baseline 0 -36"><span class='ocrx_word' id='word_1_165' title='bbox 131 2200 218 2298; x_wconf 85' lang='lat' dir='ltr'>publ.</span> <span class='ocrx_word' id='word_1_166' title='bbox 241 2199 343 2265; x_wconf 86' lang='lat' dir='ltr'>Paris.</span> <span class='ocrx_word' id='word_1_167' title='bbox 370 2201 438 2265; x_wconf 90' lang='lat' dir='ltr'>cod.</span> <span class='ocrx_word' id='word_1_168' title='bbox 465 2221 497 2265; x_wconf 91' lang='grc' dir='ltr'>ιι.</span> <span class='ocrx_word' id='word_1_169' title='bbox 522 2200 586 2265; x_wconf 82' lang='grc'>185</span> <span class='ocrx_word' id='word_1_170' title='bbox 610 2222 690 2264; x_wconf 89' lang='lat' dir='ltr'>saec.</span> <span class='ocrx_word' id='word_1_171' title='bbox 713 2200 774 2265; x_wconf 92' lang='lat' dir='ltr'>XV</span> <span class='ocrx_word' id='word_1_172' title='bbox 797 2205 830 2264; x_wconf 88' lang='lat' dir='ltr'>et</span> <span class='ocrx_word' id='word_1_173' title='bbox 851 2202 963 2283; x_wconf 87' lang='lat' dir='ltr'>paucis</span> <span class='ocrx_word' id='word_1_174' title='bbox 987 2201 1118 2265; x_wconf 89' lang='lat' dir='ltr'>mutatis</span> <span class='ocrx_word' id='word_1_175' title='bbox 1192 2197 1193 2240; x_wconf 66' lang='grc'>1</span> 
     </span>
     <span class='ocr_line' id='line_1_24' title="bbox 131 2287 1115 2371; baseline 0.004 -22"><span class='ocrx_word' id='word_1_176' title='bbox 131 2289 167 2350; x_wconf 92' lang='lat' dir='ltr'>in</span> <span class='ocrx_word' id='word_1_177' title='bbox 180 2287 248 2352; x_wconf 89' lang='lat' dir='ltr'>cod.</span> <span class='ocrx_word' id='word_1_178' title='bbox 263 2309 293 2350; x_wconf 91' lang='grc' dir='ltr'>ιι.</span> <span class='ocrx_word' id='word_1_179' title='bbox 311 2289 396 2352; x_wconf 92' lang='grc'><strong>1612</strong></span> <span class='ocrx_word' id='word_1_180' title='bbox 416 2287 557 2353; x_wconf 80' lang='lat' dir='ltr'>saecXI</span> <span class='ocrx_word' id='word_1_181' title='bbox 558 2287 597 2370; x_wconf 90' lang='lat' dir='ltr'>V,</span> <span class='ocrx_word' id='word_1_182' title='bbox 612 2311 642 2352; x_wconf 90' lang='lat' dir='ltr'>n.</span> <span class='ocrx_word' id='word_1_183' title='bbox 665 2290 747 2353; x_wconf 83' lang='grc'><strong>1621</strong></span> <span class='ocrx_word' id='word_1_184' title='bbox 771 2309 852 2353; x_wconf 88' lang='lat' dir='ltr'>saec.</span> <span class='ocrx_word' id='word_1_185' title='bbox 871 2287 960 2371; x_wconf 89' lang='lat' dir='ltr'><strong>XIII,</strong></span> <span class='ocrx_word' id='word_1_186' title='bbox 979 2311 1010 2353; x_wconf 91' lang='lat' dir='ltr'>n.</span> <span class='ocrx_word' id='word_1_187' title='bbox 1034 2289 1115 2353; x_wconf 88' lang='grc'><strong>1631</strong></span> 
     </span>
     <span class='ocr_line' id='line_1_25' title="bbox 133 2375 1118 2460; baseline 0 -22"><span class='ocrx_word' id='word_1_188' title='bbox 133 2380 228 2458; x_wconf 91' lang='lat' dir='ltr'>atque</span> <span class='ocrx_word' id='word_1_189' title='bbox 256 2376 290 2439; x_wconf 89' lang='lat' dir='ltr'>in</span> <span class='ocrx_word' id='word_1_190' title='bbox 318 2375 425 2440; x_wconf 90' lang='lat' dir='ltr'>codice</span> <span class='ocrx_word' id='word_1_191' title='bbox 448 2377 503 2460; x_wconf 87' lang='lat' dir='ltr'>qui</span> <span class='ocrx_word' id='word_1_192' title='bbox 525 2375 689 2458; x_wconf 91' lang='lat' dir='ltr'>Petropoli</span> <span class='ocrx_word' id='word_1_193' title='bbox 711 2379 893 2440; x_wconf 86' lang='lat' dir='ltr'>reservatur</span> <span class='ocrx_word' id='word_1_194' title='bbox 914 2398 947 2439; x_wconf 92' lang='lat' dir='ltr'>n.</span> <span class='ocrx_word' id='word_1_195' title='bbox 973 2379 1014 2441; x_wconf 91' lang='grc'>12</span> <span class='ocrx_word' id='word_1_196' title='bbox 1039 2397 1118 2441; x_wconf 89' lang='lat' dir='ltr'>saec.</span> 
     </span>
     <span class='ocr_line' id='line_1_26' title="bbox 131 2461 1119 2547; baseline 0.002 -22"><span class='ocrx_word' id='word_1_197' title='bbox 131 2461 200 2526; x_wconf 87' lang='lat' dir='ltr'>XV.</span> <span class='ocrx_word' id='word_1_198' title='bbox 246 2464 403 2528; x_wconf 89' lang='lat' dir='ltr'>Auctores</span> <span class='ocrx_word' id='word_1_199' title='bbox 433 2463 548 2528; x_wconf 90' lang='lat' dir='ltr'>harum</span> <span class='ocrx_word' id='word_1_200' title='bbox 577 2465 877 2547; x_wconf 85' lang='lat' dir='ltr'>interpretationum</span> <span class='ocrx_word' id='word_1_201' title='bbox 907 2485 1021 2528; x_wconf 89' lang='lat' dir='ltr'>omnes</span> <span class='ocrx_word' id='word_1_202' title='bbox 1045 2463 1119 2528; x_wconf 89' lang='lat' dir='ltr'>data</span> 
     </span>
     <span class='ocr_line' id='line_1_27' title="bbox 132 2551 1119 2635; baseline 0.001 -21"><span class='ocrx_word' id='word_1_203' title='bbox 132 2572 228 2632; x_wconf 92' lang='lat' dir='ltr'>opera</span> <span class='ocrx_word' id='word_1_204' title='bbox 251 2551 284 2614; x_wconf 92' lang='lat' dir='ltr'>id</span> <span class='ocrx_word' id='word_1_205' title='bbox 308 2555 450 2635; x_wconf 77' lang='lat' dir='ltr'>egerunt,</span> <span class='ocrx_word' id='word_1_206' title='bbox 473 2556 510 2616; x_wconf 94' lang='lat' dir='ltr'>ut</span> <span class='ocrx_word' id='word_1_207' title='bbox 532 2552 594 2615; x_wconf 91' lang='lat' dir='ltr'>sibi</span> <span class='ocrx_word' id='word_1_208' title='bbox 616 2552 743 2617; x_wconf 91' lang='lat' dir='ltr'>laudem</span> <span class='ocrx_word' id='word_1_209' title='bbox 767 2552 964 2616; x_wconf 87' lang='lat' dir='ltr'>inventionis</span> <span class='ocrx_word' id='word_1_210' title='bbox 978 2553 1119 2616; x_wconf 85' lang='lat' dir='ltr'>vindica·</span> 
     </span>
     <span class='ocr_line' id='line_1_28' title="bbox 131 2637 1044 2719; baseline 0.004 -19"><span class='ocrx_word' id='word_1_211' title='bbox 131 2641 213 2719; x_wconf 82' lang='lat' dir='ltr'>rent,</span> <span class='ocrx_word' id='word_1_212' title='bbox 235 2637 401 2703; x_wconf 90' lang='lat' dir='ltr'>Benedicti</span> <span class='ocrx_word' id='word_1_213' title='bbox 423 2661 542 2704; x_wconf 90' lang='lat' dir='ltr'>nomen</span> <span class='ocrx_word' id='word_1_214' title='bbox 563 2641 599 2703; x_wconf 91' lang='lat' dir='ltr'>in</span> <span class='ocrx_word' id='word_1_215' title='bbox 623 2640 816 2705; x_wconf 86' lang='lat' dir='ltr'>oblivionem</span> <span class='ocrx_word' id='word_1_216' title='bbox 840 2640 1044 2704; x_wconf 88' lang='lat' dir='ltr'>adducerent.</span> 
     </span>
    </p>

    <p class='ocr_par' dir='ltr' id='par_1_7' title="bbox 129 2723 1121 3342">
     <span class='ocr_line' id='line_1_29' title="bbox 219 2723 1118 2814; baseline 0.002 -26"><span class='ocrx_word' id='word_1_217' title='bbox 219 2723 388 2791; x_wconf 90' lang='lat' dir='ltr'>Praeterea</span> <span class='ocrx_word' id='word_1_218' title='bbox 417 2729 513 2791; x_wconf 89' lang='lat' dir='ltr'>etiam</span> <span class='ocrx_word' id='word_1_219' title='bbox 544 2726 754 2814; x_wconf 58' lang='lat' dir='ltr'>historicffl)</span> <span class='ocrx_word' id='word_1_220' title='bbox 776 2728 838 2792; x_wconf 91' lang='lat' dir='ltr'>hoc</span> <span class='ocrx_word' id='word_1_221' title='bbox 862 2749 942 2811; x_wconf 87' lang='lat' dir='ltr'>opus</span> <span class='ocrx_word' id='word_1_222' title='bbox 965 2729 1000 2792; x_wconf 88' lang='lat' dir='ltr'>in</span> <span class='ocrx_word' id='word_1_223' title='bbox 1024 2749 1118 2792; x_wconf 89' lang='lat' dir='ltr'>suum</span> 
     </span>
     <span class='ocr_line' id='line_1_30' title="bbox 131 2815 1118 2901; baseline 0.002 -25"><span class='ocrx_word' id='word_1_224' title='bbox 131 2836 225 2877; x_wconf 90' lang='lat' dir='ltr'>usum</span> <span class='ocrx_word' id='word_1_225' title='bbox 262 2819 501 2897; x_wconf 86' lang='lat' dir='ltr'>converterunt,</span> <span class='ocrx_word' id='word_1_226' title='bbox 534 2820 571 2880; x_wconf 91' lang='lat' dir='ltr'>ut</span> <span class='ocrx_word' id='word_1_227' title='bbox 604 2817 639 2880; x_wconf 89' lang='grc' dir='ltr'>ιιι</span> <span class='ocrx_word' id='word_1_228' title='bbox 670 2817 738 2880; x_wconf 90' lang='lat' dir='ltr'>cod.</span> <span class='ocrx_word' id='word_1_229' title='bbox 767 2838 802 2887; x_wconf 82' lang='lat' dir='ltr'>n.</span> <span class='ocrx_word' id='word_1_230' title='bbox 822 2816 885 2880; x_wconf 87' lang='lat'>301</span> <span class='ocrx_word' id='word_1_231' title='bbox 923 2815 1001 2880; x_wconf 90' lang='lat' dir='ltr'>bibl.</span> <span class='ocrx_word' id='word_1_232' title='bbox 1029 2815 1118 2901; x_wconf 92' lang='lat' dir='ltr'>publ.</span> 
     </span>
     <span class='ocr_line' id='line_1_31' title="bbox 130 2899 1119 2984; baseline 0.003 -21"><span class='ocrx_word' id='word_1_233' title='bbox 130 2899 230 2964; x_wconf 89' lang='lat' dir='ltr'>Paris.</span> <span class='ocrx_word' id='word_1_234' title='bbox 248 2901 327 2984; x_wconf 89' lang='lat' dir='ltr'>„Les</span> <span class='ocrx_word' id='word_1_235' title='bbox 345 2904 441 2967; x_wconf 87' lang='lat' dir='ltr'>livres</span> <span class='ocrx_word' id='word_1_236' title='bbox 461 2903 517 2968; x_wconf 91' lang='lat' dir='ltr'>des</span> <span class='ocrx_word' id='word_1_237' title='bbox 535 2903 695 2968; x_wconf 91' lang='lat' dir='ltr'>Histoires</span> <span class='ocrx_word' id='word_1_238' title='bbox 717 2905 759 2968; x_wconf 91' lang='lat' dir='ltr'>du</span> <span class='ocrx_word' id='word_1_239' title='bbox 780 2909 1055 2970; x_wconf 89' lang='lat' dir='ltr'>commencement</span> <span class='ocrx_word' id='word_1_240' title='bbox 1078 2903 1119 2966; x_wconf 86' lang='lat' dir='ltr'>du</span> 
     </span>
     <span class='ocr_line' id='line_1_32' title="bbox 130 2990 1120 3078; baseline 0.004 -26"><span class='ocrx_word' id='word_1_241' title='bbox 130 2990 265 3053; x_wconf 85' lang='lat' dir='ltr'>monde“</span> <span class='ocrx_word' id='word_1_242' title='bbox 289 2990 344 3055; x_wconf 88' lang='lat' dir='ltr'>fol.</span> <span class='ocrx_word' id='word_1_243' title='bbox 372 2991 526 3056; x_wconf 85' lang='grc'><strong>25-165</strong></span> <span class='ocrx_word' id='word_1_244' title='bbox 549 2993 656 3078; x_wconf 83' lang='lat' dir='ltr'>agitur</span> <span class='ocrx_word' id='word_1_245' title='bbox 687 2993 726 3056; x_wconf 91' lang='lat' dir='ltr'>de</span> <span class='ocrx_word' id='word_1_246' title='bbox 748 2993 884 3057; x_wconf 86' lang='lat' dir='ltr'>historia</span> <span class='ocrx_word' id='word_1_247' title='bbox 911 2991 1035 3077; x_wconf 82' lang='lat' dir='ltr'>Troiae,</span> <span class='ocrx_word' id='word_1_248' title='bbox 1073 2993 1120 3056; x_wconf 83' lang='lat' dir='ltr'>ita</span> 
     </span>
     <span class='ocr_line' id='line_1_33' title="bbox 129 3080 1120 3164; baseline 0.004 -25"><span class='ocrx_word' id='word_1_249' title='bbox 129 3080 166 3139; x_wconf 90' lang='lat' dir='ltr'>ut</span> <span class='ocrx_word' id='word_1_250' title='bbox 189 3099 314 3142; x_wconf 89' lang='lat' dir='ltr'>summa</span> <span class='ocrx_word' id='word_1_251' title='bbox 333 3101 406 3144; x_wconf 92' lang='lat' dir='ltr'>cum</span> <span class='ocrx_word' id='word_1_252' title='bbox 429 3080 491 3144; x_wconf 89' lang='lat' dir='ltr'>fide</span> <span class='ocrx_word' id='word_1_253' title='bbox 515 3102 553 3144; x_wconf 92' lang='lat' dir='ltr'>ea</span> <span class='ocrx_word' id='word_1_254' title='bbox 575 3102 655 3164; x_wconf 92' lang='lat' dir='ltr'>quae</span> <span class='ocrx_word' id='word_1_255' title='bbox 669 3080 863 3145; x_wconf 86' lang='lat' dir='ltr'>Benedictus</span> <span class='ocrx_word' id='word_1_256' title='bbox 886 3081 1048 3146; x_wconf 87' lang='lat' dir='ltr'>cecinerat</span> <span class='ocrx_word' id='word_1_257' title='bbox 1071 3101 1120 3144; x_wconf 88' lang='lat' dir='ltr'>re·</span> 
     </span>
     <span class='ocr_line' id='line_1_34' title="bbox 129 3167 1118 3252; baseline 0.005 -24"><span class='ocrx_word' id='word_1_258' title='bbox 129 3169 288 3248; x_wconf 90' lang='lat' dir='ltr'>petantur,</span> <span class='ocrx_word' id='word_1_259' title='bbox 311 3167 540 3252; x_wconf 89' lang='lat' dir='ltr'>descriptiones</span> <span class='ocrx_word' id='word_1_260' title='bbox 562 3169 636 3232; x_wconf 89' lang='lat' dir='ltr'>illae</span> <span class='ocrx_word' id='word_1_261' title='bbox 650 3168 864 3234; x_wconf 85' lang='lat' dir='ltr'>Troianorum</span> <span class='ocrx_word' id='word_1_262' title='bbox 879 3173 911 3233; x_wconf 92' lang='lat' dir='ltr'>et</span> <span class='ocrx_word' id='word_1_263' title='bbox 920 3168 1118 3235; x_wconf 77' lang='lat' dir='ltr'>Graecorum</span> 
     </span>
     <span class='ocr_line' id='line_1_35' title="bbox 129 3253 1121 3342; baseline 0.004 -28"><span class='ocrx_word' id='word_1_264' title='bbox 129 3253 258 3336; x_wconf 87' lang='lat' dir='ltr'>ineptae</span> <span class='ocrx_word' id='word_1_265' title='bbox 281 3255 461 3320; x_wconf 84' lang='lat' dir='ltr'>adiciantur</span> <span class='ocrx_word' id='word_1_266' title='bbox 484 3278 520 3321; x_wconf 91' lang='lat' dir='ltr'>ac</span> <span class='ocrx_word' id='word_1_267' title='bbox 534 3277 575 3320; x_wconf 88' lang='lat' dir='ltr'>ne</span> <span class='ocrx_word' id='word_1_268' title='bbox 588 3261 693 3322; x_wconf 84' lang='lat' dir='ltr'>vestes</span> <span class='ocrx_word' id='word_1_269' title='bbox 708 3257 837 3342; x_wconf 91' lang='lat' dir='ltr'>quidem</span> <span class='ocrx_word' id='word_1_270' title='bbox 851 3258 968 3342; x_wconf 91' lang='lat' dir='ltr'>quibus</span> <span class='ocrx_word' id='word_1_271' title='bbox 982 3259 1121 3324; x_wconf 84' lang='lat' dir='ltr'>vestitae</span> 
     </span>
    </p>
   </div>
   <div class='ocr_carea' id='block_1_5' title="bbox 130 3393 342 3406">
    <p class='ocr_par' dir='ltr' id='par_1_8' title="bbox 130 3393 342 3406">
     <span class='ocr_line' id='line_1_36' title="bbox 130 3393 342 3406; baseline 0.005 -7"><span class='ocrx_word' id='word_1_272' title='bbox 130 3393 342 3406; x_wconf 71' lang='lat'>-----.-...‚,</span> 
     </span>
    </p>
   </div>
   <div class='ocr_carea' id='block_1_6' title="bbox 131 3455 1118 3598">
    <p class='ocr_par' dir='ltr' id='par_1_9' title="bbox 142 3455 1118 3598">
     <span class='ocr_line' id='line_1_37' title="bbox 204 3455 1118 3534; baseline 0.023 -27.232"><span class='ocrx_word' id='word_1_273' title='bbox 204 3455 223 3520; x_wconf 87' lang='lat'>¹)</span> <span class='ocrx_word' id='word_1_274' title='bbox 242 3457 355 3524; x_wconf 84' lang='lat' dir='ltr'>Jolyl.</span> <span class='ocrx_word' id='word_1_275' title='bbox 382 3462 402 3513; x_wconf 90' lang='lat' dir='ltr'>l.</span> <span class='ocrx_word' id='word_1_276' title='bbox 424 3480 452 3529; x_wconf 92' lang='lat' dir='ltr'>p.</span> <span class='ocrx_word' id='word_1_277' title='bbox 475 3469 528 3516; x_wconf 86' lang='lat'>410</span> <span class='ocrx_word' id='word_1_278' title='bbox 554 3481 614 3531; x_wconf 85' lang='lat' dir='ltr'>sqq.</span> <span class='ocrx_word' id='word_1_279' title='bbox 706 3465 727 3534; x_wconf 81' lang='lat'>³)</span> <span class='ocrx_word' id='word_1_280' title='bbox 757 3467 822 3534; x_wconf 86' lang='lat' dir='ltr'>Joly</span> <span class='ocrx_word' id='word_1_281' title='bbox 848 3466 866 3520; x_wconf 95' lang='lat' dir='ltr'>l.</span> <span class='ocrx_word' id='word_1_282' title='bbox 890 3466 908 3520; x_wconf 95' lang='lat' dir='ltr'>l.</span> <span class='ocrx_word' id='word_1_283' title='bbox 928 3484 955 3534; x_wconf 90' lang='lat' dir='ltr'>p.</span> <span class='ocrx_word' id='word_1_284' title='bbox 980 3473 1031 3521; x_wconf 75' lang='lat'>417</span> <span class='ocrx_word' id='word_1_285' title='bbox 1056 3482 1118 3534; x_wconf 75' lang='lat' dir='ltr'>sqq.</span> 
     </span>
     <span class='ocr_line' id='line_1_38' title="bbox 131 3519 502 3598; baseline 0.034 -25.375"><span class='ocrx_word' id='word_1_286' title='bbox 131 3519 271 3588; x_wconf 84' lang='lat' dir='ltr'>³)Jolyl.</span> <span class='ocrx_word' id='word_1_287' title='bbox 286 3526 305 3577; x_wconf 91' lang='lat' dir='ltr'>l.</span> <span class='ocrx_word' id='word_1_288' title='bbox 324 3545 350 3594; x_wconf 92' lang='lat' dir='ltr'>p.</span> <span class='ocrx_word' id='word_1_289' title='bbox 370 3535 421 3582; x_wconf 84' lang='grc'>423</span> <span class='ocrx_word' id='word_1_290' title='bbox 441 3549 502 3598; x_wconf 88' lang='lat' dir='ltr'>sqq</span> 
     </span>
    </p>
   </div>
   <div class='ocr_carea' id='block_1_7' title="bbox 0 0 1216 3938">
    <p class='ocr_par' dir='ltr' id='par_1_10' title="bbox 0 0 1216 3938">
     <span class='ocr_line' id='line_1_39' title="bbox 0 0 1216 3938; baseline 0 0"><span class='ocrx_word' id='word_1_291' title='bbox 0 0 1216 3938; x_wconf 95' lang='lat' dir='ltr'> </span> 
     </span>
    </p>
   </div>
  </div>
 </body>
</html>
