<?xml version="1.0" encoding="UTF-8"?>
<!DOCTYPE html PUBLIC "-//W3C//DTD XHTML 1.0 Transitional//EN"
    "http://www.w3.org/TR/xhtml1/DTD/xhtml1-transitional.dtd">
<html xmlns="http://www.w3.org/1999/xhtml" xml:lang="en" lang="en">
 <head>
  <title>
</title>
<meta http-equiv="Content-Type" content="text/html;charset=utf-8" />
  <meta name='ocr-system' content='tesseract 3.04.00' />
  <meta name='ocr-capabilities' content='ocr_page ocr_carea ocr_par ocr_line ocrx_word'/>
</head>
<body>
  <div class='ocr_page' id='page_1' title='image "./ephemeridosbell00meisgoog_0390.png"; bbox 0 0 2424 3938; ppageno 0'>
   <div class='ocr_carea' id='block_1_1' title="bbox 283 183 1065 287">
    <p class='ocr_par' dir='ltr' id='par_1_1' title="bbox 283 183 1065 287">
     <span class='ocr_line' id='line_1_1' title="bbox 283 183 1065 287; baseline 0.009 -7"><span class='ocrx_word' id='word_1_1' title='bbox 283 226 331 280; x_wconf 83' lang='lat' dir='ltr'>nn</span> <span class='ocrx_word' id='word_1_2' title='bbox 350 224 499 280; x_wconf 79' lang='lat' dir='ltr'>anenno</span> <span class='ocrx_word' id='word_1_3' title='bbox 519 183 655 280; x_wconf 81' lang='lat' dir='ltr'>iacun</span> <span class='ocrx_word' id='word_1_4' title='bbox 674 223 859 280; x_wconf 81' lang='lat' dir='ltr'>msnosn.</span> <span class='ocrx_word' id='word_1_5' title='bbox 921 186 928 195; x_wconf 62' lang='grc'><strong>’</strong></span> <span class='ocrx_word' id='word_1_6' title='bbox 1019 223 1065 287; x_wconf 84' lang='grc'>49</span> 
     </span>
    </p>
   </div>
   <div class='ocr_carea' id='block_1_2' title="bbox 73 366 1203 811">
    <p class='ocr_par' dir='ltr' id='par_1_2' title="bbox 73 366 1203 720">
     <span class='ocr_line' id='line_1_2' title="bbox 73 366 1064 454; baseline -0.006 -16"><span class='ocrx_word' id='word_1_7' title='bbox 73 371 193 438; x_wconf 85' lang='lat' dir='ltr'>suadet</span> <span class='ocrx_word' id='word_1_8' title='bbox 205 369 398 454; x_wconf 80' lang='lat' dir='ltr'>Polydamas</span> <span class='ocrx_word' id='word_1_9' title='bbox 417 371 515 434; x_wconf 88' lang='lat' dir='ltr'>noctu</span> <span class='ocrx_word' id='word_1_10' title='bbox 534 369 707 434; x_wconf 83' lang='lat' dir='ltr'>exereitum</span> <span class='ocrx_word' id='word_1_11' title='bbox 726 369 766 434; x_wconf 92' lang='lat' dir='ltr'>ad</span> <span class='ocrx_word' id='word_1_12' title='bbox 785 373 912 454; x_wconf 88' lang='lat' dir='ltr'>portam</span> <span class='ocrx_word' id='word_1_13' title='bbox 931 366 1064 433; x_wconf 78' lang='lat' dir='ltr'>Scaeam</span> 
     </span>
     <span class='ocr_line' id='line_1_3' title="bbox 75 457 1064 543; baseline -0.005 -17"><span class='ocrx_word' id='word_1_14' title='bbox 75 462 254 543; x_wconf 86' lang='lat' dir='ltr'>adducant,</span> <span class='ocrx_word' id='word_1_15' title='bbox 283 459 339 523; x_wconf 87' lang='lat' dir='ltr'>ubi</span> <span class='ocrx_word' id='word_1_16' title='bbox 366 457 565 522; x_wconf 87' lang='lat' dir='ltr'>extrinsecus</span> <span class='ocrx_word' id='word_1_17' title='bbox 593 461 689 541; x_wconf 87' lang='lat' dir='ltr'>caput</span> <span class='ocrx_word' id='word_1_18' title='bbox 716 458 790 542; x_wconf 90' lang='lat' dir='ltr'>equi</span> <span class='ocrx_word' id='word_1_19' title='bbox 818 458 978 540; x_wconf 82' lang='lat' dir='ltr'>sculptum</span> <span class='ocrx_word' id='word_1_20' title='bbox 1006 461 1064 540; x_wconf 91' lang='lat' dir='ltr'>est,</span> 
     </span>
     <span class='ocr_line' id='line_1_4' title="bbox 75 545 1203 634; baseline -0.005 -20"><span class='ocrx_word' id='word_1_21' title='bbox 75 551 125 614; x_wconf 91' lang='lat' dir='ltr'>ibi</span> <span class='ocrx_word' id='word_1_22' title='bbox 151 546 313 634; x_wconf 90' lang='lat' dir='ltr'>praesidia</span> <span class='ocrx_word' id='word_1_23' title='bbox 339 547 458 610; x_wconf 88' lang='lat' dir='ltr'>habere</span> <span class='ocrx_word' id='word_1_24' title='bbox 484 550 583 610; x_wconf 84' lang='lat' dir='ltr'>noctu</span> <span class='ocrx_word' id='word_1_25' title='bbox 610 546 809 610; x_wconf 73' lang='lat' dir='ltr'><strong>Antenorem</strong></span> <span class='ocrx_word' id='word_1_26' title='bbox 836 549 868 610; x_wconf 90' lang='lat' dir='ltr'>et</span> <span class='ocrx_word' id='word_1_27' title='bbox 889 545 1064 628; x_wconf 90' lang='lat' dir='ltr'>Anchisen,</span> <span class='ocrx_word' id='word_1_28' title='bbox 1202 595 1203 632; x_wconf 78' lang='lat'>,</span> 
     </span>
     <span class='ocr_line' id='line_1_5' title="bbox 77 633 1165 720; baseline -0.005 -18"><span class='ocrx_word' id='word_1_29' title='bbox 77 637 233 702; x_wconf 83' lang='lat' dir='ltr'>exercitui</span> <span class='ocrx_word' id='word_1_30' title='bbox 250 635 446 720; x_wconf 82' lang='lat' dir='ltr'>Argivorum</span> <span class='ocrx_word' id='word_1_31' title='bbox 464 637 592 718; x_wconf 89' lang='lat' dir='ltr'>portam</span> <span class='ocrx_word' id='word_1_32' title='bbox 610 639 807 701; x_wconf 89' lang='lat' dir='ltr'>reseraturos</span> <span class='ocrx_word' id='word_1_33' title='bbox 826 633 934 718; x_wconf 90' lang='lat' dir='ltr'>eisque</span> <span class='ocrx_word' id='word_1_34' title='bbox 955 635 1064 698; x_wconf 89' lang='lat' dir='ltr'>lumen</span> <span class='ocrx_word' id='word_1_35' title='bbox 1163 650 1165 652; x_wconf 82' lang='grc'><em>·</em></span> 
     </span>
    </p>

    <p class='ocr_par' dir='ltr' id='par_1_3' title="bbox 77 723 1203 811">
     <span class='ocr_line' id='line_1_6' title="bbox 77 723 1203 811; baseline -0.006 -21"><span class='ocrx_word' id='word_1_36' title='bbox 77 727 275 811; x_wconf 88' lang='lat' dir='ltr'>prolaturos,</span> <span class='ocrx_word' id='word_1_37' title='bbox 297 724 330 787; x_wconf 91' lang='lat' dir='ltr'>id</span> <span class='ocrx_word' id='word_1_38' title='bbox 354 723 483 808; x_wconf 82' lang='lat' dir='ltr'>signum</span> <span class='ocrx_word' id='word_1_39' title='bbox 506 723 684 806; x_wconf 90' lang='lat' dir='ltr'>eruptionis</span> <span class='ocrx_word' id='word_1_40' title='bbox 707 723 784 788; x_wconf 88' lang='lat' dir='ltr'>fore.</span> <span class='ocrx_word' id='word_1_41' title='bbox 1202 725 1203 736; x_wconf 58' lang='lat'>¹</span> 
     </span>
    </p>
   </div>
   <div class='ocr_carea' id='block_1_3' title="bbox 167 799 1203 896">
    <p class='ocr_par' dir='ltr' id='par_1_4' title="bbox 167 799 1203 896">
     <span class='ocr_line' id='line_1_7' title="bbox 167 799 1203 896; baseline 0.001 -20"><span class='ocrx_word' id='word_1_42' title='bbox 167 813 252 877; x_wconf 83' lang='lat' dir='ltr'>XLI.</span> <span class='ocrx_word' id='word_1_43' title='bbox 297 811 475 896; x_wconf 88' lang='lat' dir='ltr'>Postquam</span> <span class='ocrx_word' id='word_1_44' title='bbox 497 815 593 894; x_wconf 86' lang='lat' dir='ltr'>pacta</span> <span class='ocrx_word' id='word_1_45' title='bbox 620 812 706 876; x_wconf 81' lang='lat' dir='ltr'>dicta</span> <span class='ocrx_word' id='word_1_46' title='bbox 733 812 954 877; x_wconf 82' lang='lat' dir='ltr'>demonstrata</span> <span class='ocrx_word' id='word_1_47' title='bbox 981 814 1065 894; x_wconf 88' lang='lat' dir='ltr'>sunt,</span> <span class='ocrx_word' id='word_1_48' title='bbox 1157 801 1160 812; x_wconf 53' lang='lat'><strong>¹</strong></span> <span class='ocrx_word' id='word_1_49' title='bbox 1202 799 1203 806; x_wconf 9' lang='grc' dir='ltr'>ἵ</span> 
     </span>
    </p>
   </div>
   <div class='ocr_carea' id='block_1_4' title="bbox 77 899 1183 1162">
    <p class='ocr_par' dir='ltr' id='par_1_5' title="bbox 77 899 1183 1162">
     <span class='ocr_line' id='line_1_8' title="bbox 77 899 1183 986; baseline -0.005 -19"><span class='ocrx_word' id='word_1_50' title='bbox 77 902 273 986; x_wconf 82' lang='lat' dir='ltr'>Polydamas</span> <span class='ocrx_word' id='word_1_51' title='bbox 296 901 331 964; x_wconf 93' lang='lat' dir='ltr'>in</span> <span class='ocrx_word' id='word_1_52' title='bbox 345 899 508 983; x_wconf 57' lang='lat' dir='ltr'>voppidum</span> <span class='ocrx_word' id='word_1_53' title='bbox 531 900 628 983; x_wconf 86' lang='lat' dir='ltr'>redit,</span> <span class='ocrx_word' id='word_1_54' title='bbox 655 921 723 964; x_wconf 90' lang='lat' dir='ltr'>rem</span> <span class='ocrx_word' id='word_1_55' title='bbox 750 904 914 984; x_wconf 80' lang='lat' dir='ltr'>peractam</span> <span class='ocrx_word' id='word_1_56' title='bbox 936 899 1066 963; x_wconf 89' lang='lat' dir='ltr'>nuntiat</span> <span class='ocrx_word' id='word_1_57' title='bbox 1181 937 1183 940; x_wconf 94' lang='lat'>-</span> 
     </span>
     <span class='ocr_line' id='line_1_9' title="bbox 78 987 1065 1073; baseline -0.002 -19"><span class='ocrx_word' id='word_1_58' title='bbox 78 991 218 1072; x_wconf 81' lang='lat' dir='ltr'>dicitque</span> <span class='ocrx_word' id='word_1_59' title='bbox 232 988 392 1054; x_wconf 77' lang='lat' dir='ltr'><strong>Antenori</strong></span> <span class='ocrx_word' id='word_1_60' title='bbox 405 992 438 1052; x_wconf 89' lang='lat' dir='ltr'>et</span> <span class='ocrx_word' id='word_1_61' title='bbox 448 987 575 1052; x_wconf 83' lang='lat' dir='ltr'>Aeneae</span> <span class='ocrx_word' id='word_1_62' title='bbox 589 989 766 1073; x_wconf 87' lang='lat' dir='ltr'>ceterisque</span> <span class='ocrx_word' id='word_1_63' title='bbox 781 989 897 1072; x_wconf 87' lang='lat' dir='ltr'>quibus</span> <span class='ocrx_word' id='word_1_64' title='bbox 911 988 1065 1070; x_wconf 87' lang='lat' dir='ltr'>placitum</span> 
     </span>
     <span class='ocr_line' id='line_1_10' title="bbox 78 1077 1066 1162; baseline -0.002 -20"><span class='ocrx_word' id='word_1_65' title='bbox 78 1082 163 1162; x_wconf 86' lang='lat' dir='ltr'>erat,</span> <span class='ocrx_word' id='word_1_66' title='bbox 185 1079 235 1142; x_wconf 81' lang='lat' dir='ltr'>uti</span> <span class='ocrx_word' id='word_1_67' title='bbox 254 1098 329 1142; x_wconf 89' lang='lat' dir='ltr'>suos</span> <span class='ocrx_word' id='word_1_68' title='bbox 344 1098 456 1141; x_wconf 91' lang='lat' dir='ltr'>omnes</span> <span class='ocrx_word' id='word_1_69' title='bbox 478 1077 599 1141; x_wconf 89' lang='lat' dir='ltr'>ineam</span> <span class='ocrx_word' id='word_1_70' title='bbox 622 1081 747 1160; x_wconf 87' lang='lat' dir='ltr'>partem</span> <span class='ocrx_word' id='word_1_71' title='bbox 770 1077 944 1159; x_wconf 76' lang='lat' dir='ltr'>adducant,</span> <span class='ocrx_word' id='word_1_72' title='bbox 967 1081 1066 1140; x_wconf 91' lang='lat' dir='ltr'>noetu</span> 
     </span>
    </p>
   </div>
   <div class='ocr_carea' id='block_1_5' title="bbox 79 1165 1203 1250">
    <p class='ocr_par' dir='ltr' id='par_1_6' title="bbox 79 1165 1203 1250">
     <span class='ocr_line' id='line_1_11' title="bbox 79 1165 1203 1250; baseline -0.009 -19"><span class='ocrx_word' id='word_1_73' title='bbox 79 1165 214 1231; x_wconf 81' lang='lat' dir='ltr'>Scaeam</span> <span class='ocrx_word' id='word_1_74' title='bbox 248 1168 376 1250; x_wconf 88' lang='lat' dir='ltr'>portam</span> <span class='ocrx_word' id='word_1_75' title='bbox 413 1165 573 1248; x_wconf 87' lang='lat' dir='ltr'>aperiant,</span> <span class='ocrx_word' id='word_1_76' title='bbox 609 1166 719 1229; x_wconf 90' lang='lat' dir='ltr'>lumen</span> <span class='ocrx_word' id='word_1_77' title='bbox 754 1166 941 1249; x_wconf 72' lang='lat' dir='ltr'>ostendant,</span> <span class='ocrx_word' id='word_1_78' title='bbox 978 1187 1064 1237; x_wconf 81' lang='lat' dir='ltr'>exer·</span> <span class='ocrx_word' id='word_1_79' title='bbox 1079 1183 1106 1222; x_wconf 76' lang='lat' dir='ltr'>ro</span> <span class='ocrx_word' id='word_1_80' title='bbox 1200 1239 1203 1246; x_wconf 14' lang='grc' dir='ltr'>ἢ</span> 
     </span>
    </p>
   </div>
   <div class='ocr_carea' id='block_1_6' title="bbox 78 1253 1109 2202">
    <p class='ocr_par' dir='ltr' id='par_1_7' title="bbox 78 1253 1109 2202">
     <span class='ocr_line' id='line_1_12' title="bbox 78 1253 1066 1337; baseline -0.002 -19"><span class='ocrx_word' id='word_1_81' title='bbox 78 1256 181 1319; x_wconf 85' lang='lat' dir='ltr'>eitum</span> <span class='ocrx_word' id='word_1_82' title='bbox 203 1253 366 1318; x_wconf 90' lang='lat' dir='ltr'>inducant.</span> <span class='ocrx_word' id='word_1_83' title='bbox 411 1254 558 1317; x_wconf 82' lang='lat' dir='ltr'>Antenor</span> <span class='ocrx_word' id='word_1_84' title='bbox 584 1257 618 1316; x_wconf 90' lang='lat' dir='ltr'>et</span> <span class='ocrx_word' id='word_1_85' title='bbox 643 1253 771 1318; x_wconf 87' lang='lat' dir='ltr'>Aeneas</span> <span class='ocrx_word' id='word_1_86' title='bbox 797 1258 897 1318; x_wconf 90' lang='lat' dir='ltr'>noctu</span> <span class='ocrx_word' id='word_1_87' title='bbox 925 1253 966 1318; x_wconf 89' lang='lat' dir='ltr'>ad</span> <span class='ocrx_word' id='word_1_88' title='bbox 993 1255 1066 1337; x_wconf 59' lang='lat' dir='ltr'>porss</span> 
     </span>
     <span class='ocr_line' id='line_1_13' title="bbox 79 1339 1066 1426; baseline -0.002 -20"><span class='ocrx_word' id='word_1_89' title='bbox 79 1347 149 1407; x_wconf 90' lang='lat' dir='ltr'>tam</span> <span class='ocrx_word' id='word_1_90' title='bbox 166 1345 296 1426; x_wconf 87' lang='lat' dir='ltr'>praesto</span> <span class='ocrx_word' id='word_1_91' title='bbox 315 1342 458 1425; x_wconf 86' lang='lat' dir='ltr'>fuerunt,</span> <span class='ocrx_word' id='word_1_92' title='bbox 475 1339 725 1425; x_wconf 84' lang='lat' dir='ltr'>Neoptolemum</span> <span class='ocrx_word' id='word_1_93' title='bbox 745 1345 961 1426; x_wconf 87' lang='lat' dir='ltr'>susceperunt,</span> <span class='ocrx_word' id='word_1_94' title='bbox 980 1362 1066 1406; x_wconf 86' lang='lat' dir='ltr'>exer·</span> 
     </span>
     <span class='ocr_line' id='line_1_14' title="bbox 80 1430 1066 1514; baseline -0.002 -20"><span class='ocrx_word' id='word_1_95' title='bbox 80 1431 160 1495; x_wconf 84' lang='lat' dir='ltr'>citui</span> <span class='ocrx_word' id='word_1_96' title='bbox 178 1434 306 1514; x_wconf 86' lang='lat' dir='ltr'>portam</span> <span class='ocrx_word' id='word_1_97' title='bbox 324 1433 558 1513; x_wconf 83' lang='lat' dir='ltr'>reseraverunt,</span> <span class='ocrx_word' id='word_1_98' title='bbox 581 1431 690 1496; x_wconf 88' lang='lat' dir='ltr'>lumen</span> <span class='ocrx_word' id='word_1_99' title='bbox 711 1431 933 1513; x_wconf 89' lang='lat' dir='ltr'>ostenderunt,</span> <span class='ocrx_word' id='word_1_100' title='bbox 956 1430 1066 1512; x_wconf 83' lang='lat' dir='ltr'>fugam</span> 
     </span>
     <span class='ocr_line' id='line_1_15' title="bbox 79 1516 1066 1602; baseline 0 -20"><span class='ocrx_word' id='word_1_101' title='bbox 79 1519 241 1602; x_wconf 87' lang='lat' dir='ltr'>praesidio</span> <span class='ocrx_word' id='word_1_102' title='bbox 281 1518 343 1582; x_wconf 90' lang='lat' dir='ltr'>sibi</span> <span class='ocrx_word' id='word_1_103' title='bbox 381 1519 510 1602; x_wconf 89' lang='lat' dir='ltr'>suisque</span> <span class='ocrx_word' id='word_1_104' title='bbox 546 1521 583 1582; x_wconf 91' lang='lat' dir='ltr'>ut</span> <span class='ocrx_word' id='word_1_105' title='bbox 620 1519 663 1583; x_wconf 93' lang='lat' dir='ltr'>sit</span> <span class='ocrx_word' id='word_1_106' title='bbox 702 1517 919 1602; x_wconf 87' lang='lat' dir='ltr'>providerunt.</span> <span class='ocrx_word' id='word_1_107' title='bbox 981 1516 1066 1582; x_wconf 90' lang='lat' dir='ltr'>Neo·</span> 
     </span>
     <span class='ocr_line' id='line_1_16' title="bbox 79 1606 1106 1690; baseline -0.004 -19"><span class='ocrx_word' id='word_1_108' title='bbox 79 1608 241 1690; x_wconf 86' lang='lat' dir='ltr'>ptolemus</span> <span class='ocrx_word' id='word_1_109' title='bbox 273 1606 469 1689; x_wconf 84' lang='lat' dir='ltr'>praesidium</span> <span class='ocrx_word' id='word_1_110' title='bbox 496 1606 564 1690; x_wconf 89' lang='lat' dir='ltr'>dat,</span> <span class='ocrx_word' id='word_1_111' title='bbox 596 1606 744 1671; x_wconf 89' lang='lat' dir='ltr'>Antenor</span> <span class='ocrx_word' id='word_1_112' title='bbox 776 1627 849 1670; x_wconf 90' lang='lat' dir='ltr'>eum</span> <span class='ocrx_word' id='word_1_113' title='bbox 881 1607 916 1670; x_wconf 91' lang='lat' dir='ltr'>in</span> <span class='ocrx_word' id='word_1_114' title='bbox 943 1606 1066 1690; x_wconf 82' lang='lat' dir='ltr'>regiam</span> <span class='ocrx_word' id='word_1_115' title='bbox 1081 1622 1106 1664; x_wconf 78' lang='lat'>15</span> 
     </span>
     <span class='ocr_line' id='line_1_17' title="bbox 80 1693 1066 1779; baseline -0.001 -20"><span class='ocrx_word' id='word_1_116' title='bbox 80 1696 181 1777; x_wconf 89' lang='lat' dir='ltr'>ducit,</span> <span class='ocrx_word' id='word_1_117' title='bbox 199 1695 256 1759; x_wconf 89' lang='lat' dir='ltr'>ubi</span> <span class='ocrx_word' id='word_1_118' title='bbox 275 1694 422 1758; x_wconf 86' lang='lat' dir='ltr'>Troianis</span> <span class='ocrx_word' id='word_1_119' title='bbox 441 1696 583 1778; x_wconf 90' lang='lat' dir='ltr'>positum</span> <span class='ocrx_word' id='word_1_120' title='bbox 601 1695 797 1779; x_wconf 84' lang='lat' dir='ltr'>praesidium</span> <span class='ocrx_word' id='word_1_121' title='bbox 816 1699 892 1760; x_wconf 88' lang='lat' dir='ltr'>erat.</span> <span class='ocrx_word' id='word_1_122' title='bbox 925 1693 1066 1778; x_wconf 88' lang='lat' dir='ltr'>Neopto·</span> 
     </span>
     <span class='ocr_line' id='line_1_18' title="bbox 80 1782 1067 1868; baseline -0.002 -20"><span class='ocrx_word' id='word_1_123' title='bbox 80 1785 184 1848; x_wconf 91' lang='lat' dir='ltr'>lemus</span> <span class='ocrx_word' id='word_1_124' title='bbox 207 1783 243 1847; x_wconf 95' lang='lat' dir='ltr'>in</span> <span class='ocrx_word' id='word_1_125' title='bbox 265 1782 389 1868; x_wconf 81' lang='lat' dir='ltr'>regiam</span> <span class='ocrx_word' id='word_1_126' title='bbox 411 1783 630 1867; x_wconf 85' lang='lat' dir='ltr'>inruptionem</span> <span class='ocrx_word' id='word_1_127' title='bbox 657 1785 747 1868; x_wconf 85' lang='lat' dir='ltr'>facit,</span> <span class='ocrx_word' id='word_1_128' title='bbox 775 1784 931 1848; x_wconf 86' lang='lat' dir='ltr'>Troianos</span> <span class='ocrx_word' id='word_1_129' title='bbox 955 1783 1067 1866; x_wconf 88' lang='lat' dir='ltr'>caedit,</span> 
     </span>
     <span class='ocr_line' id='line_1_19' title="bbox 80 1871 1067 1956; baseline -0.002 -20"><span class='ocrx_word' id='word_1_130' title='bbox 80 1871 246 1936; x_wconf 88' lang='lat' dir='ltr'>Priamum</span> <span class='ocrx_word' id='word_1_131' title='bbox 259 1871 470 1956; x_wconf 85' lang='lat' dir='ltr'>persequitur,</span> <span class='ocrx_word' id='word_1_132' title='bbox 485 1893 580 1956; x_wconf 88' lang='lat' dir='ltr'>quem</span> <span class='ocrx_word' id='word_1_133' title='bbox 595 1875 670 1936; x_wconf 88' lang='lat' dir='ltr'>ante</span> <span class='ocrx_word' id='word_1_134' title='bbox 685 1894 774 1936; x_wconf 87' lang='lat' dir='ltr'>aram</span> <span class='ocrx_word' id='word_1_135' title='bbox 786 1872 873 1936; x_wconf 83' lang='lat' dir='ltr'>lovis</span> <span class='ocrx_word' id='word_1_136' title='bbox 888 1872 1067 1936; x_wconf 86' lang='lat' dir='ltr'>obtruncat.</span> 
     </span>
     <span class='ocr_line' id='line_1_20' title="bbox 80 1959 1066 2044; baseline 0 -20"><span class='ocrx_word' id='word_1_137' title='bbox 80 1960 216 2024; x_wconf 87' lang='lat' dir='ltr'>Hecuba</span> <span class='ocrx_word' id='word_1_138' title='bbox 243 1960 320 2024; x_wconf 92' lang='lat' dir='ltr'>dum</span> <span class='ocrx_word' id='word_1_139' title='bbox 345 1959 431 2044; x_wconf 81' lang='lat' dir='ltr'>fugit</span> <span class='ocrx_word' id='word_1_140' title='bbox 457 1981 529 2024; x_wconf 88' lang='lat' dir='ltr'>cum</span> <span class='ocrx_word' id='word_1_141' title='bbox 557 1959 733 2044; x_wconf 85' lang='lat' dir='ltr'>Polyxena,</span> <span class='ocrx_word' id='word_1_142' title='bbox 759 1959 886 2024; x_wconf 87' lang='lat' dir='ltr'>Aeneas</span> <span class='ocrx_word' id='word_1_143' title='bbox 917 1959 1066 2024; x_wconf 87' lang='lat' dir='ltr'>occurrit:</span> 
     </span>
     <span class='ocr_line' id='line_1_21' title="bbox 81 2047 1109 2133; baseline 0 -21"><span class='ocrx_word' id='word_1_144' title='bbox 81 2048 246 2131; x_wconf 85' lang='lat' dir='ltr'>Polyxena</span> <span class='ocrx_word' id='word_1_145' title='bbox 281 2047 381 2112; x_wconf 84' lang='lat' dir='ltr'>tradit</span> <span class='ocrx_word' id='word_1_146' title='bbox 416 2067 448 2112; x_wconf 83' lang='lat' dir='ltr'>se</span> <span class='ocrx_word' id='word_1_147' title='bbox 484 2049 526 2132; x_wconf 88' lang='lat' dir='ltr'>ei,</span> <span class='ocrx_word' id='word_1_148' title='bbox 568 2071 666 2133; x_wconf 89' lang='lat' dir='ltr'>quam</span> <span class='ocrx_word' id='word_1_149' title='bbox 701 2048 829 2112; x_wconf 89' lang='lat' dir='ltr'>Aeneas</span> <span class='ocrx_word' id='word_1_150' title='bbox 866 2047 906 2112; x_wconf 89' lang='lat' dir='ltr'>ad</span> <span class='ocrx_word' id='word_1_151' title='bbox 942 2051 1067 2131; x_wconf 89' lang='lat' dir='ltr'>patrem</span> <span class='ocrx_word' id='word_1_152' title='bbox 1082 2065 1109 2104; x_wconf 77' lang='lat'>20</span> 
     </span>
     <span class='ocr_line' id='line_1_22' title="bbox 81 2134 1067 2202; baseline -0.001 -2"><span class='ocrx_word' id='word_1_153' title='bbox 81 2137 248 2201; x_wconf 87' lang='lat' dir='ltr'>Anchisen</span> <span class='ocrx_word' id='word_1_154' title='bbox 275 2135 452 2201; x_wconf 90' lang='lat' dir='ltr'>abscondit.</span> <span class='ocrx_word' id='word_1_155' title='bbox 501 2137 729 2202; x_wconf 90' lang='lat' dir='ltr'>Andromacha</span> <span class='ocrx_word' id='word_1_156' title='bbox 761 2141 794 2201; x_wconf 91' lang='lat' dir='ltr'>et</span> <span class='ocrx_word' id='word_1_157' title='bbox 821 2134 1002 2202; x_wconf 79' lang='lat' dir='ltr'>Cassandra</span> <span class='ocrx_word' id='word_1_158' title='bbox 1034 2158 1067 2200; x_wconf 88' lang='lat' dir='ltr'>se</span> 
     </span>
    </p>
   </div>
   <div class='ocr_carea' id='block_1_7' title="bbox 82 2414 1070 2738">
    <p class='ocr_par' dir='ltr' id='par_1_8' title="bbox 156 2414 1070 2486">
     <span class='ocr_line' id='line_1_23' title="bbox 156 2414 1070 2486; baseline -0.001 -15"><span class='ocrx_word' id='word_1_159' title='bbox 156 2416 286 2471; x_wconf 87' lang='lat' dir='ltr'>lsuadit</span> <span class='ocrx_word' id='word_1_160' title='bbox 302 2414 504 2485; x_wconf 78' lang='lat' dir='ltr'>LlsceamG</span> <span class='ocrx_word' id='word_1_161' title='bbox 583 2415 659 2471; x_wconf 78' lang='lat' dir='ltr'>ribi</span> <span class='ocrx_word' id='word_1_162' title='bbox 676 2415 703 2469; x_wconf 96' lang='lat' dir='ltr'><strong><em>L</em></strong></span> <span class='ocrx_word' id='word_1_163' title='bbox 719 2419 722 2483; x_wconf 78' lang='grc' dir='ltr'>Ι</span> <span class='ocrx_word' id='word_1_164' title='bbox 739 2415 830 2486; x_wconf 85' lang='lat' dir='ltr'>capud</span> <span class='ocrx_word' id='word_1_165' title='bbox 849 2415 875 2468; x_wconf 88' lang='lat' dir='ltr'><strong><em>L</em></strong></span> <span class='ocrx_word' id='word_1_166' title='bbox 946 2414 1070 2470; x_wconf 79' lang='lat' dir='ltr'>anibi</span> 
     </span>
    </p>

    <p class='ocr_par' dir='ltr' id='par_1_9' title="bbox 83 2485 1070 2557">
     <span class='ocr_line' id='line_1_24' title="bbox 83 2485 1070 2557; baseline 0.001 -16"><span class='ocrx_word' id='word_1_167' title='bbox 83 2506 125 2557; x_wconf 86' lang='lat' dir='ltr'>pr.</span> <span class='ocrx_word' id='word_1_168' title='bbox 145 2486 172 2541; x_wconf 99' lang='lat' dir='ltr'><em>G</em></span> <span class='ocrx_word' id='word_1_169' title='bbox 188 2489 192 2555; x_wconf 88' lang='grc' dir='ltr'>Ι</span> <span class='ocrx_word' id='word_1_170' title='bbox 208 2489 293 2541; x_wconf 89' lang='lat' dir='ltr'>noctu</span> <span class='ocrx_word' id='word_1_171' title='bbox 311 2502 361 2539; x_wconf 83' lang='lat' dir='ltr'>om.</span> <span class='ocrx_word' id='word_1_172' title='bbox 382 2485 421 2551; x_wconf 86' lang='lat' dir='ltr'>G,</span> <span class='ocrx_word' id='word_1_173' title='bbox 440 2486 503 2540; x_wconf 83' lang='lat' dir='ltr'>odd.</span> <span class='ocrx_word' id='word_1_174' title='bbox 523 2491 587 2540; x_wconf 79' lang='lat' dir='ltr'>aute</span> <span class='ocrx_word' id='word_1_175' title='bbox 604 2489 716 2556; x_wconf 87' lang='lat' dir='ltr'>portam</span> <span class='ocrx_word' id='word_1_176' title='bbox 732 2489 736 2554; x_wconf 85' lang='grc'>1</span> <span class='ocrx_word' id='word_1_177' title='bbox 753 2489 810 2541; x_wconf 90' lang='lat' dir='ltr'>ant.</span> <span class='ocrx_word' id='word_1_178' title='bbox 829 2503 893 2541; x_wconf 88' lang='lat' dir='ltr'>oum</span> <span class='ocrx_word' id='word_1_179' title='bbox 911 2487 1026 2542; x_wconf 86' lang='lat' dir='ltr'>anchise</span> <span class='ocrx_word' id='word_1_180' title='bbox 1044 2486 1070 2541; x_wconf 89' lang='lat' dir='ltr'><em>G</em></span> 
     </span>
    </p>

    <p class='ocr_par' dir='ltr' id='par_1_10' title="bbox 82 2556 1070 2627">
     <span class='ocr_line' id='line_1_25' title="bbox 82 2556 1070 2627; baseline -0.002 -15"><span class='ocrx_word' id='word_1_181' title='bbox 82 2565 99 2611; x_wconf 83' lang='lat'>4</span> <span class='ocrx_word' id='word_1_182' title='bbox 128 2557 263 2612; x_wconf 84' lang='lat' dir='ltr'>exercitui</span> <span class='ocrx_word' id='word_1_183' title='bbox 293 2557 359 2627; x_wconf 79' lang='lat' dir='ltr'>Arg.</span> <span class='ocrx_word' id='word_1_184' title='bbox 385 2573 436 2610; x_wconf 81' lang='lat' dir='ltr'>em.</span> <span class='ocrx_word' id='word_1_185' title='bbox 462 2556 489 2610; x_wconf 86' lang='lat' dir='ltr'><em>G</em></span> <span class='ocrx_word' id='word_1_186' title='bbox 513 2558 576 2611; x_wconf 85' lang='lat' dir='ltr'>add.</span> <span class='ocrx_word' id='word_1_187' title='bbox 603 2573 650 2612; x_wconf 88' lang='lat' dir='ltr'>eos</span> <span class='ocrx_word' id='word_1_188' title='bbox 728 2565 743 2612; x_wconf 76' lang='grc' dir='ltr'>ὃ</span> <span class='ocrx_word' id='word_1_189' title='bbox 769 2557 924 2627; x_wconf 87' lang='lat' dir='ltr'>eruptionis</span> <span class='ocrx_word' id='word_1_190' title='bbox 947 2557 1015 2612; x_wconf 87' lang='lat' dir='ltr'>foris</span> <span class='ocrx_word' id='word_1_191' title='bbox 1043 2557 1070 2610; x_wconf 88' lang='lat' dir='ltr'><strong><em>L</em></strong></span> 
     </span>
    </p>

    <p class='ocr_par' dir='ltr' id='par_1_11' title="bbox 83 2625 1070 2738">
     <span class='ocr_line' id='line_1_26' title="bbox 83 2625 1070 2699; baseline 0 -17"><span class='ocrx_word' id='word_1_192' title='bbox 83 2627 250 2698; x_wconf 86' lang='lat' dir='ltr'>irruptionis</span> <span class='ocrx_word' id='word_1_193' title='bbox 267 2626 327 2684; x_wconf 83' lang='lat' dir='ltr'>fote</span> <span class='ocrx_word' id='word_1_194' title='bbox 352 2627 377 2682; x_wconf 89' lang='lat' dir='ltr'><em>G</em></span> <span class='ocrx_word' id='word_1_195' title='bbox 396 2633 467 2681; x_wconf 83' lang='lat' dir='ltr'>tum:</span> <span class='ocrx_word' id='word_1_196' title='bbox 485 2625 595 2696; x_wconf 87' lang='lat' dir='ltr'>dicunt,</span> <span class='ocrx_word' id='word_1_197' title='bbox 615 2628 665 2696; x_wconf 86' lang='lat' dir='ltr'>qui</span> <span class='ocrx_word' id='word_1_198' title='bbox 682 2629 723 2684; x_wconf 89' lang='lat' dir='ltr'>ibi</span> <span class='ocrx_word' id='word_1_199' title='bbox 740 2631 834 2699; x_wconf 85' lang='lat' dir='ltr'>presto</span> <span class='ocrx_word' id='word_1_200' title='bbox 855 2628 948 2683; x_wconf 89' lang='lat' dir='ltr'>forent</span> <span class='ocrx_word' id='word_1_201' title='bbox 965 2629 1015 2698; x_wconf 92' lang='lat' dir='ltr'>qui</span> <span class='ocrx_word' id='word_1_202' title='bbox 1034 2628 1070 2682; x_wconf 90' lang='lat' dir='ltr'>ad</span> 
     </span>
     <span class='ocr_line' id='line_1_27' title="bbox 342 2709 357 2738; baseline 0 0"><span class='ocrx_word' id='word_1_203' title='bbox 342 2709 357 2738; x_wconf 60' lang='grc' dir='ltr'>Β</span> 
     </span>
    </p>
   </div>
   <div class='ocr_carea' id='block_1_8' title="bbox 80 2743 1181 2836">
    <p class='ocr_par' dir='ltr' id='par_1_12' title="bbox 80 2743 1181 2836">
     <span class='ocr_line' id='line_1_28' title="bbox 80 2743 1181 2836; baseline 0.002 -32"><span class='ocrx_word' id='word_1_204' title='bbox 80 2767 179 2822; x_wconf 81' lang='lat' dir='ltr'>regem</span> <span class='ocrx_word' id='word_1_205' title='bbox 211 2766 259 2805; x_wconf 91' lang='lat' dir='ltr'>eos</span> <span class='ocrx_word' id='word_1_206' title='bbox 286 2750 392 2836; x_wconf 78' lang='lat' dir='ltr'>ducunt</span> <span class='ocrx_word' id='word_1_207' title='bbox 469 2755 485 2804; x_wconf 87' lang='grc'>6</span> <span class='ocrx_word' id='word_1_208' title='bbox 510 2749 676 2822; x_wconf 86' lang='lat' dir='ltr'>Postquam]</span> <span class='ocrx_word' id='word_1_209' title='bbox 694 2767 834 2820; x_wconf 84' lang='lat' dir='ltr'>nusquam</span> <span class='ocrx_word' id='word_1_210' title='bbox 857 2752 883 2804; x_wconf 91' lang='lat' dir='ltr'><strong><em>L</em></strong></span> <span class='ocrx_word' id='word_1_211' title='bbox 903 2752 907 2819; x_wconf 84' lang='grc' dir='ltr'>Ι</span> <span class='ocrx_word' id='word_1_212' title='bbox 926 2752 1004 2821; x_wconf 87' lang='lat' dir='ltr'>pacti</span> <span class='ocrx_word' id='word_1_213' title='bbox 1021 2750 1067 2821; x_wconf 70' lang='lat' dir='ltr'>Ll</span> <span class='ocrx_word' id='word_1_214' title='bbox 1169 2743 1181 2814; x_wconf 54' lang='lat'>³,</span> 
     </span>
    </p>
   </div>
   <div class='ocr_carea' id='block_1_9' title="bbox 79 2837 1178 3601">
    <p class='ocr_par' dir='ltr' id='par_1_13' title="bbox 79 2837 1178 3601">
     <span class='ocr_line' id='line_1_29' title="bbox 82 2837 1070 2909; baseline 0 -17"><span class='ocrx_word' id='word_1_215' title='bbox 82 2839 162 2894; x_wconf 87' lang='lat' dir='ltr'>dicta</span> <span class='ocrx_word' id='word_1_216' title='bbox 180 2838 384 2909; x_wconf 87' lang='lat' dir='ltr'>demonstrata]</span> <span class='ocrx_word' id='word_1_217' title='bbox 400 2837 513 2893; x_wconf 85' lang='lat' dir='ltr'>dataG</span> <span class='ocrx_word' id='word_1_218' title='bbox 590 2839 729 2892; x_wconf 62' lang='lat' dir='ltr'>&#39;diaetam</span> <span class='ocrx_word' id='word_1_219' title='bbox 747 2837 774 2892; x_wconf 99' lang='lat' dir='ltr'><em>G</em></span> <span class='ocrx_word' id='word_1_220' title='bbox 849 2837 999 2908; x_wconf 81' lang='lat' dir='ltr'>8dicitG</span> <span class='ocrx_word' id='word_1_221' title='bbox 1035 2839 1070 2892; x_wconf 81' lang='lat' dir='ltr'>de</span> 
     </span>
     <span class='ocr_line' id='line_1_30' title="bbox 81 2908 1070 2979; baseline -0.001 -16"><span class='ocrx_word' id='word_1_222' title='bbox 81 2909 144 2964; x_wconf 89' lang='lat' dir='ltr'>uita</span> <span class='ocrx_word' id='word_1_223' title='bbox 172 2925 285 2977; x_wconf 89' lang='lat' dir='ltr'>quoque</span> <span class='ocrx_word' id='word_1_224' title='bbox 312 2909 352 2974; x_wconf 85' lang='lat' dir='ltr'>L,</span> <span class='ocrx_word' id='word_1_225' title='bbox 382 2910 455 2964; x_wconf 81' lang='lat' dir='ltr'>unde</span> <span class='ocrx_word' id='word_1_226' title='bbox 482 2909 581 2976; x_wconf 74' lang='lat' dir='ltr'>scripsi</span> <span class='ocrx_word' id='word_1_227' title='bbox 610 2909 734 2978; x_wconf 87' lang='lat' dir='ltr'>dicitque</span> <span class='ocrx_word' id='word_1_228' title='bbox 756 2912 759 2977; x_wconf 89' lang='grc' dir='ltr'>Ι</span> <span class='ocrx_word' id='word_1_229' title='bbox 780 2908 921 2963; x_wconf 84' lang='lat' dir='ltr'>antenoris</span> <span class='ocrx_word' id='word_1_230' title='bbox 947 2909 974 2962; x_wconf 88' lang='lat' dir='ltr'><strong><em>L</em></strong></span> <span class='ocrx_word' id='word_1_231' title='bbox 990 2912 995 2977; x_wconf 83' lang='grc' dir='ltr'>Ι</span> <span class='ocrx_word' id='word_1_232' title='bbox 1010 2910 1070 2979; x_wconf 86' lang='lat' dir='ltr'>pla-</span> 
     </span>
     <span class='ocr_line' id='line_1_31' title="bbox 81 2978 1070 3049; baseline -0.002 -15"><span class='ocrx_word' id='word_1_233' title='bbox 81 2979 183 3049; x_wconf 85' lang='lat' dir='ltr'>citum]</span> <span class='ocrx_word' id='word_1_234' title='bbox 207 2982 321 3034; x_wconf 87' lang='lat' dir='ltr'>cautum</span> <span class='ocrx_word' id='word_1_235' title='bbox 349 2978 375 3034; x_wconf 88' lang='lat' dir='ltr'><em>G</em></span> <span class='ocrx_word' id='word_1_236' title='bbox 464 2986 480 3034; x_wconf 88' lang='lat'>9</span> <span class='ocrx_word' id='word_1_237' title='bbox 513 2981 546 3034; x_wconf 85' lang='lat' dir='ltr'>ut</span> <span class='ocrx_word' id='word_1_238' title='bbox 574 2980 604 3034; x_wconf 93' lang='lat' dir='ltr'>hi</span> <span class='ocrx_word' id='word_1_239' title='bbox 630 2979 701 3045; x_wconf 84' lang='lat' dir='ltr'>LG,</span> <span class='ocrx_word' id='word_1_240' title='bbox 733 2980 832 3047; x_wconf 73' lang='lat' dir='ltr'>scripsi</span> <span class='ocrx_word' id='word_1_241' title='bbox 862 2979 904 3032; x_wconf 92' lang='lat' dir='ltr'>uti</span> <span class='ocrx_word' id='word_1_242' title='bbox 925 2980 930 3046; x_wconf 87' lang='grc' dir='ltr'>Ι</span> <span class='ocrx_word' id='word_1_243' title='bbox 950 2980 980 3033; x_wconf 91' lang='lat' dir='ltr'>in</span> <span class='ocrx_word' id='word_1_244' title='bbox 1007 2996 1070 3033; x_wconf 85' lang='lat' dir='ltr'>eam</span> 
     </span>
     <span class='ocr_line' id='line_1_32' title="bbox 81 3049 1068 3176; baseline -0.003 -70"><span class='ocrx_word' id='word_1_245' title='bbox 81 3052 194 3120; x_wconf 84' lang='lat' dir='ltr'>partem</span> <span class='ocrx_word' id='word_1_246' title='bbox 220 3049 247 3102; x_wconf 92' lang='lat' dir='ltr'><strong><em>L</em></strong></span> <span class='ocrx_word' id='word_1_247' title='bbox 274 3051 306 3104; x_wconf 80' lang='lat' dir='ltr'>ia</span> <span class='ocrx_word' id='word_1_248' title='bbox 332 3065 418 3119; x_wconf 69' lang='lat' dir='ltr'>uturp.</span> <span class='ocrx_word' id='word_1_249' title='bbox 466 3049 503 3104; x_wconf 90' lang='lat' dir='ltr'>ad</span> <span class='ocrx_word' id='word_1_250' title='bbox 535 3066 598 3105; x_wconf 87' lang='lat' dir='ltr'>eam</span> <span class='ocrx_word' id='word_1_251' title='bbox 622 3052 739 3176; x_wconf 73' lang='lat' dir='ltr'>partem</span> <span class='ocrx_word' id='word_1_252' title='bbox 769 3049 843 3103; x_wconf 85' lang='lat' dir='ltr'>muri</span> <span class='ocrx_word' id='word_1_253' title='bbox 873 3049 899 3104; x_wconf 89' lang='lat' dir='ltr'><em>G</em></span> <span class='ocrx_word' id='word_1_254' title='bbox 980 3056 1014 3104; x_wconf 90' lang='lat'>10</span> <span class='ocrx_word' id='word_1_255' title='bbox 1041 3069 1068 3119; x_wconf 90' lang='lat' dir='ltr'>p.</span> 
     </span>
     <span class='ocr_line' id='line_1_33' title="bbox 81 3119 1070 3191; baseline -0.003 -15"><span class='ocrx_word' id='word_1_256' title='bbox 81 3119 222 3176; x_wconf 81' lang='lat' dir='ltr'>sceamG</span> <span class='ocrx_word' id='word_1_257' title='bbox 295 3127 327 3174; x_wconf 89' lang='lat'>11</span> <span class='ocrx_word' id='word_1_258' title='bbox 348 3120 510 3176; x_wconf 88' lang='lat' dir='ltr'>educantG</span> <span class='ocrx_word' id='word_1_259' title='bbox 546 3121 620 3176; x_wconf 89' lang='lat' dir='ltr'>intro</span> <span class='ocrx_word' id='word_1_260' title='bbox 641 3123 727 3176; x_wconf 85' lang='lat' dir='ltr'>ucant</span> <span class='ocrx_word' id='word_1_261' title='bbox 740 3120 772 3174; x_wconf 88' lang='lat' dir='ltr'><strong><em>F</em></strong></span> <span class='ocrx_word' id='word_1_262' title='bbox 842 3127 873 3174; x_wconf 89' lang='lat'>13</span> <span class='ocrx_word' id='word_1_263' title='bbox 893 3119 977 3191; x_wconf 81' lang='lat' dir='ltr'>fugae</span> <span class='ocrx_word' id='word_1_264' title='bbox 991 3136 1070 3189; x_wconf 86' lang='lat' dir='ltr'>prae-</span> 
     </span>
     <span class='ocr_line' id='line_1_34' title="bbox 81 3190 1070 3248; baseline -0.001 -2"><span class='ocrx_word' id='word_1_265' title='bbox 81 3191 187 3246; x_wconf 86' lang='lat' dir='ltr'>sidium</span> <span class='ocrx_word' id='word_1_266' title='bbox 208 3190 361 3246; x_wconf 77' lang='lat' dir='ltr'>Mercurius</span> <span class='ocrx_word' id='word_1_267' title='bbox 435 3197 468 3247; x_wconf 84' lang='lat'>14</span> <span class='ocrx_word' id='word_1_268' title='bbox 484 3194 518 3246; x_wconf 90' lang='lat' dir='ltr'>ut</span> <span class='ocrx_word' id='word_1_269' title='bbox 535 3194 610 3248; x_wconf 87' lang='lat' dir='ltr'>esset</span> <span class='ocrx_word' id='word_1_270' title='bbox 628 3193 782 3246; x_wconf 71' lang='lat' dir='ltr'>Maserius</span> <span class='ocrx_word' id='word_1_271' title='bbox 855 3197 887 3245; x_wconf 83' lang='lat'>16</span> <span class='ocrx_word' id='word_1_272' title='bbox 906 3190 1070 3246; x_wconf 86' lang='lat' dir='ltr'>ubi-erat</span> 
     </span>
     <span class='ocr_line' id='line_1_35' title="bbox 81 3260 1068 3330; baseline 0 -14"><span class='ocrx_word' id='word_1_273' title='bbox 81 3278 132 3316; x_wconf 81' lang='lat' dir='ltr'>ora.</span> <span class='ocrx_word' id='word_1_274' title='bbox 157 3260 184 3316; x_wconf 89' lang='lat' dir='ltr'><em>G</em></span> <span class='ocrx_word' id='word_1_275' title='bbox 257 3267 289 3316; x_wconf 81' lang='grc'>17</span> <span class='ocrx_word' id='word_1_276' title='bbox 312 3261 388 3316; x_wconf 85' lang='lat' dir='ltr'>cedit</span> <span class='ocrx_word' id='word_1_277' title='bbox 412 3261 438 3316; x_wconf 89' lang='lat' dir='ltr'><em>G</em></span> <span class='ocrx_word' id='word_1_278' title='bbox 521 3268 553 3318; x_wconf 82' lang='lat'>18</span> <span class='ocrx_word' id='word_1_279' title='bbox 582 3266 648 3317; x_wconf 88' lang='lat' dir='ltr'>ante</span> <span class='ocrx_word' id='word_1_280' title='bbox 674 3278 752 3317; x_wconf 85' lang='lat' dir='ltr'>aram</span> <span class='ocrx_word' id='word_1_281' title='bbox 776 3261 849 3317; x_wconf 89' lang='lat' dir='ltr'>iovis</span> <span class='ocrx_word' id='word_1_282' title='bbox 871 3261 898 3314; x_wconf 89' lang='lat' dir='ltr'><strong><em>L</em></strong></span> <span class='ocrx_word' id='word_1_283' title='bbox 924 3263 956 3316; x_wconf 79' lang='lat' dir='ltr'>iu</span> <span class='ocrx_word' id='word_1_284' title='bbox 982 3278 1068 3330; x_wconf 80' lang='lat' dir='ltr'>murp.</span> 
     </span>
     <span class='ocr_line' id='line_1_36' title="bbox 81 3330 1069 3404; baseline -0.002 -16"><span class='ocrx_word' id='word_1_285' title='bbox 81 3337 166 3388; x_wconf 80' lang='lat' dir='ltr'>autea</span> <span class='ocrx_word' id='word_1_286' title='bbox 188 3330 218 3386; x_wconf 90' lang='lat' dir='ltr'>in</span> <span class='ocrx_word' id='word_1_287' title='bbox 241 3334 347 3386; x_wconf 85' lang='lat' dir='ltr'>terram</span> <span class='ocrx_word' id='word_1_288' title='bbox 430 3339 462 3388; x_wconf 81' lang='lat'>19</span> <span class='ocrx_word' id='word_1_289' title='bbox 491 3332 643 3388; x_wconf 80' lang='lat' dir='ltr'>hascubac.</span> <span class='ocrx_word' id='word_1_290' title='bbox 667 3353 695 3404; x_wconf 90' lang='lat' dir='ltr'>p.</span> <span class='ocrx_word' id='word_1_291' title='bbox 719 3333 745 3387; x_wconf 91' lang='lat' dir='ltr'>d.</span> <span class='ocrx_word' id='word_1_292' title='bbox 769 3333 787 3387; x_wconf 82' lang='lat' dir='ltr'>s.</span> <span class='ocrx_word' id='word_1_293' title='bbox 817 3347 916 3386; x_wconf 88' lang='lat' dir='ltr'>eneam</span> <span class='ocrx_word' id='word_1_294' title='bbox 942 3331 1069 3386; x_wconf 86' lang='lat' dir='ltr'>incurrit.</span> 
     </span>
     <span class='ocr_line' id='line_1_37' title="bbox 81 3402 1070 3474; baseline 0.001 -17"><span class='ocrx_word' id='word_1_295' title='bbox 81 3403 251 3472; x_wconf 86' lang='lat' dir='ltr'>polyxenam</span> <span class='ocrx_word' id='word_1_296' title='bbox 270 3403 297 3457; x_wconf 88' lang='lat' dir='ltr'>ei</span> <span class='ocrx_word' id='word_1_297' title='bbox 314 3403 411 3459; x_wconf 87' lang='lat' dir='ltr'>tradit.</span> <span class='ocrx_word' id='word_1_298' title='bbox 443 3403 581 3458; x_wconf 84' lang='lat' dir='ltr'>EneasG</span> <span class='ocrx_word' id='word_1_299' title='bbox 652 3409 687 3458; x_wconf 80' lang='lat'>20</span> <span class='ocrx_word' id='word_1_300' title='bbox 705 3422 733 3474; x_wconf 91' lang='lat' dir='ltr'>p.</span> <span class='ocrx_word' id='word_1_301' title='bbox 751 3403 915 3458; x_wconf 82' lang='lat' dir='ltr'>tradidisset</span> <span class='ocrx_word' id='word_1_302' title='bbox 933 3402 960 3457; x_wconf 92' lang='lat' dir='ltr'>ei</span> <span class='ocrx_word' id='word_1_303' title='bbox 978 3402 1004 3456; x_wconf 87' lang='lat' dir='ltr'><strong><em>L</em></strong></span> <span class='ocrx_word' id='word_1_304' title='bbox 1020 3405 1024 3472; x_wconf 70' lang='lat' dir='ltr'>l</span> <span class='ocrx_word' id='word_1_305' title='bbox 1041 3420 1070 3458; x_wconf 90' lang='lat' dir='ltr'>se</span> 
     </span>
     <span class='ocr_line' id='line_1_38' title="bbox 79 3473 1178 3599; baseline 0 -71"><span class='ocrx_word' id='word_1_306' title='bbox 79 3473 182 3529; x_wconf 81' lang='lat' dir='ltr'>addidi</span> <span class='ocrx_word' id='word_1_307' title='bbox 202 3475 311 3599; x_wconf 70' lang='lat' dir='ltr'>leuem</span> <span class='ocrx_word' id='word_1_308' title='bbox 334 3475 360 3528; x_wconf 90' lang='lat' dir='ltr'><strong><em>L</em></strong></span> <span class='ocrx_word' id='word_1_309' title='bbox 436 3480 468 3528; x_wconf 79' lang='lat'>21</span> <span class='ocrx_word' id='word_1_310' title='bbox 490 3473 622 3530; x_wconf 84' lang='lat' dir='ltr'>anchisen</span> <span class='ocrx_word' id='word_1_311' title='bbox 641 3491 704 3530; x_wconf 87' lang='lat' dir='ltr'>eam</span> <span class='ocrx_word' id='word_1_312' title='bbox 723 3475 797 3532; x_wconf 86' lang='lat' dir='ltr'>absc.</span> <span class='ocrx_word' id='word_1_313' title='bbox 817 3473 908 3543; x_wconf 74' lang='lat' dir='ltr'>Glin</span> <span class='ocrx_word' id='word_1_314' title='bbox 933 3473 1014 3530; x_wconf 88' lang='lat' dir='ltr'>edem</span> <span class='ocrx_word' id='word_1_315' title='bbox 1032 3492 1071 3528; x_wconf 85' lang='lat' dir='ltr'>m.</span> <span class='ocrx_word' id='word_1_316' title='bbox 1176 3540 1178 3544; x_wconf 86' lang='lat'>.</span> 
     </span>
     <span class='ocr_line' id='line_1_39' title="bbox 80 3560 244 3601; baseline -0.024 -2"><span class='ocrx_word' id='word_1_317' title='bbox 80 3562 111 3601; x_wconf 85' lang='lat' dir='ltr'>se</span> <span class='ocrx_word' id='word_1_318' title='bbox 130 3560 189 3600; x_wconf 87' lang='lat' dir='ltr'>occ.</span> <span class='ocrx_word' id='word_1_319' title='bbox 238 3583 244 3595; x_wconf 96' lang='lat'>.</span> 
     </span>
    </p>
   </div>
   <div class='ocr_carea' id='block_1_10' title="bbox 135 3638 910 3684">
    <p class='ocr_par' dir='ltr' id='par_1_14' title="bbox 135 3638 910 3684">
     <span class='ocr_line' id='line_1_40' title="bbox 135 3638 910 3684; baseline 0.003 -2"><span class='ocrx_word' id='word_1_320' title='bbox 135 3643 219 3682; x_wconf 70' lang='lat' dir='ltr'>Dauus</span> <span class='ocrx_word' id='word_1_321' title='bbox 234 3644 364 3684; x_wconf 79' lang='lat' dir='ltr'>Pusrmus.</span> <span class='ocrx_word' id='word_1_322' title='bbox 894 3638 910 3684; x_wconf 78' lang='grc'>4</span> 
     </span>
    </p>
   </div>
   <div class='ocr_carea' id='block_1_11' title="bbox 0 0 1226 3938">
    <p class='ocr_par' dir='ltr' id='par_1_15' title="bbox 0 0 1226 3938">
     <span class='ocr_line' id='line_1_41' title="bbox 0 0 1226 3938; baseline 0 0"><span class='ocrx_word' id='word_1_323' title='bbox 0 0 1226 3938; x_wconf 95' lang='lat' dir='ltr'> </span> 
     </span>
    </p>
   </div>
  </div>
 </body>
</html>
