<?xml version="1.0" encoding="UTF-8"?>
<!DOCTYPE html PUBLIC "-//W3C//DTD XHTML 1.0 Transitional//EN"
    "http://www.w3.org/TR/xhtml1/DTD/xhtml1-transitional.dtd">
<html xmlns="http://www.w3.org/1999/xhtml" xml:lang="en" lang="en">
 <head>
  <title>
</title>
<meta http-equiv="Content-Type" content="text/html;charset=utf-8" />
  <meta name='ocr-system' content='tesseract 3.04.00' />
  <meta name='ocr-capabilities' content='ocr_page ocr_carea ocr_par ocr_line ocrx_word'/>
</head>
<body>
  <div class='ocr_page' id='page_1' title='image "./ephemeridosbell00meisgoog_0095.png"; bbox 0 0 2416 3944; ppageno 0'>
   <div class='ocr_carea' id='block_1_1' title="bbox 142 214 897 282">
    <p class='ocr_par' dir='ltr' id='par_1_1' title="bbox 142 214 897 282">
     <span class='ocr_line' id='line_1_1' title="bbox 142 214 897 282; baseline -0.003 -12"><span class='ocrx_word' id='word_1_1' title='bbox 142 218 182 282; x_wconf 81' lang='grc'><strong>72</strong></span> <span class='ocrx_word' id='word_1_2' title='bbox 447 216 580 268; x_wconf 80' lang='lat' dir='ltr'>DIGTYS</span> <span class='ocrx_word' id='word_1_3' title='bbox 600 214 801 268; x_wconf 79' lang='lat' dir='ltr'>GRETENSIS</span> <span class='ocrx_word' id='word_1_4' title='bbox 894 220 897 229; x_wconf 84' lang='grc'><strong>“</strong></span> 
     </span>
    </p>
   </div>
   <div class='ocr_carea' id='block_1_2' title="bbox 99 364 1111 2984">
    <p class='ocr_par' dir='ltr' id='par_1_2' title="bbox 100 364 1111 2560">
     <span class='ocr_line' id='line_1_2' title="bbox 140 364 1111 452; baseline -0.001 -20"><span class='ocrx_word' id='word_1_5' title='bbox 140 370 286 432; x_wconf 80' lang='lat' dir='ltr'><strong>Aurorae</strong></span> <span class='ocrx_word' id='word_1_6' title='bbox 319 367 404 430; x_wconf 90' lang='lat' dir='ltr'><strong>filius</strong></span> <span class='ocrx_word' id='word_1_7' title='bbox 444 366 629 452; x_wconf 73' lang='lat' dir='ltr'><strong>ingentibus</strong></span> <span class='ocrx_word' id='word_1_8' title='bbox 655 364 810 430; x_wconf 87' lang='lat' dir='ltr'><strong>Indorum</strong></span> <span class='ocrx_word' id='word_1_9' title='bbox 849 368 945 448; x_wconf 82' lang='lat' dir='ltr'><strong>utque</strong></span> <span class='ocrx_word' id='word_1_10' title='bbox 971 366 1111 431; x_wconf 86' lang='lat' dir='ltr'><strong>Aethio-</strong></span> 
     </span>
     <span class='ocr_line' id='line_1_3' title="bbox 140 449 1110 619; baseline -0.002 -18"><span class='ocrx_word' id='word_1_11' title='bbox 140 449 991 619; x_wconf 46' lang='lat' dir='ltr'><strong>ittuffdtttffltttffltstritius?</strong></span> <span class='ocrx_word' id='word_1_12' title='bbox 1005 472 1110 599; x_wconf 61' lang='lat' dir='ltr'><strong>iffi</strong></span> 
     </span>
     <span class='ocr_line' id='line_1_4' title="bbox 140 609 1111 704; baseline -0.003 -18"><span class='ocrx_word' id='word_1_13' title='bbox 140 625 278 704; x_wconf 80' lang='lat' dir='ltr'><strong>votaque</strong></span> <span class='ocrx_word' id='word_1_14' title='bbox 301 621 339 696; x_wconf 78' lang='lat' dir='ltr'><strong>,de</strong></span> <span class='ocrx_word' id='word_1_15' title='bbox 362 641 395 684; x_wconf 91' lang='lat' dir='ltr'><strong>se</strong></span> <span class='ocrx_word' id='word_1_16' title='bbox 418 619 539 684; x_wconf 85' lang='lat' dir='ltr'><strong>Priemi</strong></span> <span class='ocrx_word' id='word_1_17' title='bbox 567 623 781 703; x_wconf 80' lang='lat' dir='ltr'><strong>superaverat.</strong></span> <span class='ocrx_word' id='word_1_18' title='bbox 829 639 969 702; x_wconf 82' lang='lat' dir='ltr'><strong>numque</strong></span> <span class='ocrx_word' id='word_1_19' title='bbox 997 609 1111 683; x_wconf 72' lang='lat' dir='ltr'><strong>&lt;imnis</strong></span> 
     </span>
     <span class='ocr_line' id='line_1_5' title="bbox 114 703 1110 787; baseline 0.002 -21"><span class='ocrx_word' id='word_1_20' title='bbox 114 707 261 770; x_wconf 78' lang='lat' dir='ltr'><strong>eoireum</strong></span> <span class='ocrx_word' id='word_1_21' title='bbox 288 704 418 770; x_wconf 82' lang='lat' dir='ltr'><strong>Troiam</strong></span> <span class='ocrx_word' id='word_1_22' title='bbox 447 707 480 768; x_wconf 87' lang='lat' dir='ltr'><strong>et</strong></span> <span class='ocrx_word' id='word_1_23' title='bbox 507 704 607 786; x_wconf 83' lang='lat' dir='ltr'><strong>ultre,</strong></span> <span class='ocrx_word' id='word_1_24' title='bbox 636 724 717 786; x_wconf 80' lang='lat' dir='ltr'><strong>quse</strong></span> <span class='ocrx_word' id='word_1_25' title='bbox 746 703 808 767; x_wconf 82' lang='lat' dir='ltr'><strong>visi</strong></span> <span class='ocrx_word' id='word_1_26' title='bbox 834 707 999 787; x_wconf 74' lang='lat' dir='ltr'><strong>poterent,</strong></span> <span class='ocrx_word' id='word_1_27' title='bbox 1027 704 1110 768; x_wconf 82' lang='lat' dir='ltr'><strong>viris</strong></span> 
     </span>
     <span class='ocr_line' id='line_1_6' title="bbox 140 787 1103 874; baseline -0.002 -20"><span class='ocrx_word' id='word_1_28' title='bbox 140 794 236 873; x_wconf 82' lang='lat' dir='ltr'><strong>etque</strong></span> <span class='ocrx_word' id='word_1_29' title='bbox 252 790 342 873; x_wconf 90' lang='lat' dir='ltr'><strong>equis</strong></span> <span class='ocrx_word' id='word_1_30' title='bbox 357 789 479 872; x_wconf 83' lang='lat' dir='ltr'><strong>replete</strong></span> <span class='ocrx_word' id='word_1_31' title='bbox 499 787 668 872; x_wconf 83' lang='lat' dir='ltr'><strong>splendore</strong></span> <span class='ocrx_word' id='word_1_32' title='bbox 689 787 868 874; x_wconf 82' lang='lat' dir='ltr'><strong>insignium</strong></span> <span class='ocrx_word' id='word_1_33' title='bbox 888 788 1103 873; x_wconf 79' lang='lat' dir='ltr'><strong>refulgebunt.</strong></span> 
     </span>
     <span class='ocr_line' id='line_1_7' title="bbox 140 871 1107 958; baseline -0.003 -19"><span class='ocrx_word' id='word_1_34' title='bbox 140 896 195 939; x_wconf 88' lang='lat' dir='ltr'><strong>eos</strong></span> <span class='ocrx_word' id='word_1_35' title='bbox 218 895 328 939; x_wconf 85' lang='lat' dir='ltr'><strong>omnes</strong></span> <span class='ocrx_word' id='word_1_36' title='bbox 357 874 441 958; x_wconf 84' lang='lat' dir='ltr'><strong>iugis</strong></span> <span class='ocrx_word' id='word_1_37' title='bbox 470 872 604 938; x_wconf 77' lang='lat' dir='ltr'>Caucasi</span> <span class='ocrx_word' id='word_1_38' title='bbox 632 873 752 937; x_wconf 90' lang='lat' dir='ltr'><strong>montis</strong></span> <span class='ocrx_word' id='word_1_39' title='bbox 779 871 820 936; x_wconf 85' lang='lat' dir='ltr'><strong>ud</strong></span> <span class='ocrx_word' id='word_1_40' title='bbox 845 871 976 936; x_wconf 76' lang='lat' dir='ltr'><strong>Troiam</strong></span> <span class='ocrx_word' id='word_1_41' title='bbox 1004 873 1107 956; x_wconf 81' lang='lat' dir='ltr'><strong>duxit,</strong></span> 
     </span>
     <span class='ocr_line' id='line_1_8' title="bbox 139 956 1108 1042; baseline -0.003 -20"><span class='ocrx_word' id='word_1_42' title='bbox 139 959 280 1042; x_wconf 88' lang='lat' dir='ltr'><strong>reliquos</strong></span> <span class='ocrx_word' id='word_1_43' title='bbox 307 979 413 1042; x_wconf 86' lang='lat' dir='ltr'><strong>neque</strong></span> <span class='ocrx_word' id='word_1_44' title='bbox 440 979 575 1022; x_wconf 90' lang='lat' dir='ltr'><strong>numero</strong></span> <span class='ocrx_word' id='word_1_45' title='bbox 609 956 778 1022; x_wconf 88' lang='lat' dir='ltr'><strong>inferiores</strong></span> <span class='ocrx_word' id='word_1_46' title='bbox 817 957 969 1040; x_wconf 88' lang='lat' dir='ltr'><strong>imposito</strong></span> <span class='ocrx_word' id='word_1_47' title='bbox 1002 956 1108 1020; x_wconf 83' lang='lat' dir='ltr'><strong>Phale</strong></span> 
     </span>
     <span class='ocr_line' id='line_1_9' title="bbox 140 1039 1108 1127; baseline 0 -21"><span class='ocrx_word' id='word_1_48' title='bbox 140 1042 219 1106; x_wconf 85' lang='lat' dir='ltr'><strong>duee</strong></span> <span class='ocrx_word' id='word_1_49' title='bbox 247 1047 343 1127; x_wconf 80' lang='lat' dir='ltr'><strong>etque</strong></span> <span class='ocrx_word' id='word_1_50' title='bbox 370 1046 494 1107; x_wconf 80' lang='lat' dir='ltr'><strong>rectore</strong></span> <span class='ocrx_word' id='word_1_51' title='bbox 526 1040 607 1106; x_wconf 82' lang='lat' dir='ltr'><strong>mari</strong></span> <span class='ocrx_word' id='word_1_52' title='bbox 634 1041 731 1106; x_wconf 87' lang='lat' dir='ltr'><strong>misit.</strong></span> <span class='ocrx_word' id='word_1_53' title='bbox 783 1041 838 1126; x_wconf 91' lang='lat' dir='ltr'><strong>qui</strong></span> <span class='ocrx_word' id='word_1_54' title='bbox 866 1039 991 1124; x_wconf 79' lang='lat' dir='ltr'><strong>adpulsi</strong></span> <span class='ocrx_word' id='word_1_55' title='bbox 1018 1039 1108 1106; x_wconf 86' lang='lat' dir='ltr'><strong>Rho·</strong></span> 
     </span>
     <span class='ocr_line' id='line_1_10' title="bbox 102 1125 1108 1209; baseline -0.002 -19"><span class='ocrx_word' id='word_1_56' title='bbox 102 1151 127 1190; x_wconf 86' lang='grc' dir='ltr'><strong>ιο</strong></span> <span class='ocrx_word' id='word_1_57' title='bbox 141 1128 231 1209; x_wconf 89' lang='lat' dir='ltr'><strong>dum,</strong></span> <span class='ocrx_word' id='word_1_58' title='bbox 265 1127 321 1191; x_wconf 87' lang='lat' dir='ltr'><strong>ubi</strong></span> <span class='ocrx_word' id='word_1_59' title='bbox 355 1127 607 1191; x_wconf 82' lang='lat' dir='ltr'><strong>animadvertere</strong></span> <span class='ocrx_word' id='word_1_60' title='bbox 640 1125 780 1190; x_wconf 84' lang='lat' dir='ltr'><strong>insulam</strong></span> <span class='ocrx_word' id='word_1_61' title='bbox 813 1125 943 1190; x_wconf 80' lang='lat' dir='ltr'><strong>Greeois</strong></span> <span class='ocrx_word' id='word_1_62' title='bbox 976 1126 1108 1208; x_wconf 77' lang='lat' dir='ltr'><strong>soniam,</strong></span> 
     </span>
     <span class='ocr_line' id='line_1_11' title="bbox 140 1209 1106 1296; baseline -0.001 -21"><span class='ocrx_word' id='word_1_63' title='bbox 140 1211 251 1294; x_wconf 84' lang='lat' dir='ltr'><strong>veriti,</strong></span> <span class='ocrx_word' id='word_1_64' title='bbox 278 1231 319 1276; x_wconf 92' lang='lat' dir='ltr'><strong>ne</strong></span> <span class='ocrx_word' id='word_1_65' title='bbox 347 1233 381 1275; x_wconf 90' lang='lat' dir='ltr'><strong>re</strong></span> <span class='ocrx_word' id='word_1_66' title='bbox 409 1211 540 1296; x_wconf 80' lang='lat' dir='ltr'><strong>cognita</strong></span> <span class='ocrx_word' id='word_1_67' title='bbox 566 1209 815 1275; x_wconf 77' lang='lat' dir='ltr'><strong>incenderentur</strong></span> <span class='ocrx_word' id='word_1_68' title='bbox 847 1230 960 1292; x_wconf 83' lang='lat' dir='ltr'><strong>naves,</strong></span> <span class='ocrx_word' id='word_1_69' title='bbox 986 1209 1106 1275; x_wconf 87' lang='lat' dir='ltr'><strong>ibidem</strong></span> 
     </span>
     <span class='ocr_line' id='line_1_12' title="bbox 139 1293 1102 1378; baseline -0.002 -18"><span class='ocrx_word' id='word_1_70' title='bbox 139 1296 381 1378; x_wconf 81' lang='lat' dir='ltr'><strong>operiebantur:</strong></span> <span class='ocrx_word' id='word_1_71' title='bbox 416 1317 452 1360; x_wconf 83' lang='lat' dir='ltr'><strong>eo</strong></span> <span class='ocrx_word' id='word_1_72' title='bbox 486 1317 561 1360; x_wconf 88' lang='lat' dir='ltr'><strong>mox</strong></span> <span class='ocrx_word' id='word_1_73' title='bbox 589 1295 683 1378; x_wconf 84' lang='lat' dir='ltr'><strong>divisi</strong></span> <span class='ocrx_word' id='word_1_74' title='bbox 710 1295 746 1358; x_wconf 90' lang='lat' dir='ltr'><strong>in</strong></span> <span class='ocrx_word' id='word_1_75' title='bbox 774 1293 936 1360; x_wconf 82' lang='lat' dir='ltr'><strong>Camirum</strong></span> <span class='ocrx_word' id='word_1_76' title='bbox 963 1298 995 1359; x_wconf 87' lang='lat' dir='ltr'><strong>et</strong></span> <span class='ocrx_word' id='word_1_77' title='bbox 1017 1294 1102 1376; x_wconf 77' lang='lat' dir='ltr'><strong>Ialy-</strong></span> 
     </span>
     <span class='ocr_line' id='line_1_13' title="bbox 140 1377 1107 1464; baseline -0.002 -20"><span class='ocrx_word' id='word_1_78' title='bbox 140 1402 227 1463; x_wconf 87' lang='lat' dir='ltr'><strong>sum,</strong></span> <span class='ocrx_word' id='word_1_79' title='bbox 256 1382 351 1446; x_wconf 87' lang='lat' dir='ltr'><strong>urbes</strong></span> <span class='ocrx_word' id='word_1_80' title='bbox 379 1382 557 1464; x_wconf 85' lang='lat' dir='ltr'><strong>opulentas.</strong></span> <span class='ocrx_word' id='word_1_81' title='bbox 612 1400 717 1464; x_wconf 88' lang='lat' dir='ltr'><strong>neque</strong></span> <span class='ocrx_word' id='word_1_82' title='bbox 751 1379 853 1443; x_wconf 88' lang='lat' dir='ltr'><strong>multu</strong></span> <span class='ocrx_word' id='word_1_83' title='bbox 881 1381 957 1461; x_wconf 89' lang='lat' dir='ltr'><strong>post</strong></span> <span class='ocrx_word' id='word_1_84' title='bbox 984 1377 1107 1442; x_wconf 86' lang='lat' dir='ltr'><strong>Rhodii</strong></span> 
     </span>
     <span class='ocr_line' id='line_1_14' title="bbox 140 1463 1109 1550; baseline -0.003 -21"><span class='ocrx_word' id='word_1_85' title='bbox 140 1464 275 1529; x_wconf 82' lang='lat' dir='ltr'><strong>Phalem</strong></span> <span class='ocrx_word' id='word_1_86' title='bbox 297 1466 452 1548; x_wconf 77' lang='lat' dir='ltr'><strong>incusare,</strong></span> <span class='ocrx_word' id='word_1_87' title='bbox 474 1463 560 1550; x_wconf 88' lang='lat' dir='ltr'><strong>quod</strong></span> <span class='ocrx_word' id='word_1_88' title='bbox 573 1464 670 1548; x_wconf 88' lang='lat' dir='ltr'><strong>paulo</strong></span> <span class='ocrx_word' id='word_1_89' title='bbox 687 1467 762 1528; x_wconf 85' lang='lat' dir='ltr'><strong>ente</strong></span> <span class='ocrx_word' id='word_1_90' title='bbox 785 1483 895 1527; x_wconf 81' lang='lat' dir='ltr'><strong>eversa</strong></span> <span class='ocrx_word' id='word_1_91' title='bbox 909 1463 950 1527; x_wconf 82' lang='lat' dir='ltr'><strong>ab</strong></span> <span class='ocrx_word' id='word_1_92' title='bbox 965 1463 1109 1527; x_wconf 81' lang='lat' dir='ltr'><strong>Alexan·</strong></span> 
     </span>
     <span class='ocr_line' id='line_1_15' title="bbox 102 1547 1108 1633; baseline 0.003 -24"><span class='ocrx_word' id='word_1_93' title='bbox 102 1569 126 1610; x_wconf 76' lang='grc' dir='ltr'><strong>ιι</strong></span> <span class='ocrx_word' id='word_1_94' title='bbox 140 1547 198 1612; x_wconf 89' lang='lat' dir='ltr'><strong>dro</strong></span> <span class='ocrx_word' id='word_1_95' title='bbox 227 1547 348 1614; x_wconf 81' lang='lat' dir='ltr'><strong>Sidona</strong></span> <span class='ocrx_word' id='word_1_96' title='bbox 374 1550 479 1633; x_wconf 82' lang='lat' dir='ltr'><strong>petria</strong></span> <span class='ocrx_word' id='word_1_97' title='bbox 506 1570 564 1613; x_wconf 83' lang='lat' dir='ltr'><strong>sue</strong></span> <span class='ocrx_word' id='word_1_98' title='bbox 597 1547 752 1612; x_wconf 82' lang='lat' dir='ltr'><strong>auxilium</strong></span> <span class='ocrx_word' id='word_1_99' title='bbox 784 1548 829 1630; x_wconf 86' lang='lat' dir='ltr'><strong>ei,</strong></span> <span class='ocrx_word' id='word_1_100' title='bbox 864 1569 883 1610; x_wconf 81' lang='grc' dir='ltr'><strong>ιι</strong></span> <span class='ocrx_word' id='word_1_101' title='bbox 912 1569 975 1632; x_wconf 90' lang='lat' dir='ltr'><strong>quo</strong></span> <span class='ocrx_word' id='word_1_102' title='bbox 998 1548 1108 1612; x_wconf 73' lang='lat' dir='ltr'><strong>laesus</strong></span> 
     </span>
     <span class='ocr_line' id='line_1_16' title="bbox 140 1633 1109 1716; baseline 0 -20"><span class='ocrx_word' id='word_1_103' title='bbox 140 1633 197 1714; x_wconf 85' lang='lat' dir='ltr'><strong>sit,</strong></span> <span class='ocrx_word' id='word_1_104' title='bbox 226 1633 309 1698; x_wconf 80' lang='lat' dir='ltr'><strong>ferre</strong></span> <span class='ocrx_word' id='word_1_105' title='bbox 338 1636 481 1716; x_wconf 81' lang='lat' dir='ltr'><strong>cuperet:</strong></span> <span class='ocrx_word' id='word_1_106' title='bbox 512 1654 575 1715; x_wconf 91' lang='lat' dir='ltr'><strong>quo</strong></span> <span class='ocrx_word' id='word_1_107' title='bbox 603 1633 729 1696; x_wconf 85' lang='lat' dir='ltr'><strong>anim&#39;os</strong></span> <span class='ocrx_word' id='word_1_108' title='bbox 744 1633 913 1704; x_wconf 84' lang='lat' dir='ltr'><strong>exereitus</strong></span> <span class='ocrx_word' id='word_1_109' title='bbox 939 1653 1109 1715; x_wconf 84' lang='lat' dir='ltr'><strong>permove-</strong></span> 
     </span>
     <span class='ocr_line' id='line_1_17' title="bbox 139 1715 1107 1800; baseline 0 -20"><span class='ocrx_word' id='word_1_110' title='bbox 139 1720 226 1800; x_wconf 82' lang='lat' dir='ltr'><strong>rent,</strong></span> <span class='ocrx_word' id='word_1_111' title='bbox 249 1717 437 1781; x_wconf 76' lang='lat' dir='ltr'><strong>confirmare</strong></span> <span class='ocrx_word' id='word_1_112' title='bbox 464 1715 551 1780; x_wconf 83' lang='lat' dir='ltr'><strong>haud</strong></span> <span class='ocrx_word' id='word_1_113' title='bbox 579 1715 748 1782; x_wconf 82' lang='lat' dir='ltr'><strong>dissimiles</strong></span> <span class='ocrx_word' id='word_1_114' title='bbox 770 1717 980 1782; x_wconf 78' lang='lat' dir='ltr'><strong>barbarorum</strong></span> <span class='ocrx_word' id='word_1_115' title='bbox 1002 1716 1107 1780; x_wconf 84' lang='lat' dir='ltr'><strong>videri</strong></span> 
     </span>
     <span class='ocr_line' id='line_1_18' title="bbox 140 1799 1111 1886; baseline 0.002 -22"><span class='ocrx_word' id='word_1_116' title='bbox 140 1803 209 1884; x_wconf 86' lang='lat' dir='ltr'><strong>eos,</strong></span> <span class='ocrx_word' id='word_1_117' title='bbox 233 1801 289 1885; x_wconf 88' lang='lat' dir='ltr'><strong>qui</strong></span> <span class='ocrx_word' id='word_1_118' title='bbox 311 1805 377 1866; x_wconf 84' lang='lat' dir='ltr'><strong>tam</strong></span> <span class='ocrx_word' id='word_1_119' title='bbox 400 1799 570 1886; x_wconf 81' lang='lat' dir='ltr'><strong>indignum</strong></span> <span class='ocrx_word' id='word_1_120' title='bbox 592 1801 718 1866; x_wconf 80' lang='lat' dir='ltr'><strong>ferinus</strong></span> <span class='ocrx_word' id='word_1_121' title='bbox 740 1799 958 1866; x_wconf 78' lang='lat' dir='ltr'><strong>defenderent.</strong></span> <span class='ocrx_word' id='word_1_122' title='bbox 1002 1801 1111 1866; x_wconf 81' lang='lat' dir='ltr'><strong>multa.</strong></span> 
     </span>
     <span class='ocr_line' id='line_1_19' title="bbox 139 1885 1107 1970; baseline 0.001 -22"><span class='ocrx_word' id='word_1_123' title='bbox 139 1887 318 1968; x_wconf 81' lang='lat' dir='ltr'><strong>praeterea,</strong></span> <span class='ocrx_word' id='word_1_124' title='bbox 341 1906 422 1968; x_wconf 80' lang='lat' dir='ltr'><strong>quoe</strong></span> <span class='ocrx_word' id='word_1_125' title='bbox 445 1905 617 1950; x_wconf 80' lang='lat' dir='ltr'><strong>accensure</strong></span> <span class='ocrx_word' id='word_1_126' title='bbox 642 1885 773 1970; x_wconf 82' lang='lat' dir='ltr'><strong>vulgum</strong></span> <span class='ocrx_word' id='word_1_127' title='bbox 795 1889 828 1950; x_wconf 91' lang='lat' dir='ltr'><strong>et</strong></span> <span class='ocrx_word' id='word_1_128' title='bbox 848 1907 909 1970; x_wconf 90' lang='lat' dir='ltr'><strong>pro</strong></span> <span class='ocrx_word' id='word_1_129' title='bbox 931 1906 964 1949; x_wconf 91' lang='lat' dir='ltr'><strong>se</strong></span> <span class='ocrx_word' id='word_1_130' title='bbox 986 1885 1107 1950; x_wconf 80' lang='lat' dir='ltr'><strong>fnetnri</strong></span> 
     </span>
     <span class='ocr_line' id='line_1_20' title="bbox 101 1968 1107 2054; baseline 0.001 -21"><span class='ocrx_word' id='word_1_131' title='bbox 101 1973 256 2053; x_wconf 77' lang='lat' dir='ltr'><strong>suessent,</strong></span> <span class='ocrx_word' id='word_1_132' title='bbox 280 1969 449 2036; x_wconf 88' lang='lat' dir='ltr'><strong>disserere:</strong></span> <span class='ocrx_word' id='word_1_133' title='bbox 472 1991 553 2054; x_wconf 81' lang='lat' dir='ltr'><strong>quae</strong></span> <span class='ocrx_word' id='word_1_134' title='bbox 576 1991 626 2034; x_wconf 89' lang='lat' dir='ltr'><strong>res</strong></span> <span class='ocrx_word' id='word_1_135' title='bbox 641 1969 727 2034; x_wconf 82' lang='lat' dir='ltr'><strong>haud</strong></span> <span class='ocrx_word' id='word_1_136' title='bbox 748 1969 870 2034; x_wconf 78' lang='lat' dir='ltr'><strong>frustra</strong></span> <span class='ocrx_word' id='word_1_137' title='bbox 890 1968 962 2034; x_wconf 80' lang='lat' dir='ltr'><strong>fuit.</strong></span> <span class='ocrx_word' id='word_1_138' title='bbox 1000 1969 1107 2035; x_wconf 91' lang='lat' dir='ltr'><strong>Phoe-</strong></span> 
     </span>
     <span class='ocr_line' id='line_1_21' title="bbox 138 2053 1109 2138; baseline 0 -20"><span class='ocrx_word' id='word_1_139' title='bbox 138 2055 226 2118; x_wconf 89' lang='lat' dir='ltr'><strong>nioes</strong></span> <span class='ocrx_word' id='word_1_140' title='bbox 253 2075 408 2138; x_wconf 84' lang='lat' dir='ltr'><strong>namque,</strong></span> <span class='ocrx_word' id='word_1_141' title='bbox 436 2055 493 2138; x_wconf 90' lang='lat' dir='ltr'><strong>qui</strong></span> <span class='ocrx_word' id='word_1_142' title='bbox 519 2055 555 2119; x_wconf 92' lang='lat' dir='ltr'><strong>in</strong></span> <span class='ocrx_word' id='word_1_143' title='bbox 582 2073 620 2120; x_wconf 89' lang='lat' dir='ltr'><strong>eo</strong></span> <span class='ocrx_word' id='word_1_144' title='bbox 645 2054 785 2118; x_wconf 82' lang='lat' dir='ltr'><strong>exercitu</strong></span> <span class='ocrx_word' id='word_1_145' title='bbox 805 2054 938 2138; x_wconf 90' lang='lat' dir='ltr'><strong>plurimi</strong></span> <span class='ocrx_word' id='word_1_146' title='bbox 960 2053 1109 2138; x_wconf 67' lang='lat' dir='ltr'><strong>aderant,</strong></span> 
     </span>
     <span class='ocr_line' id='line_1_22' title="bbox 138 2136 1108 2223; baseline -0.001 -20"><span class='ocrx_word' id='word_1_147' title='bbox 138 2141 276 2222; x_wconf 87' lang='lat' dir='ltr'><strong>permoti</strong></span> <span class='ocrx_word' id='word_1_148' title='bbox 305 2139 443 2223; x_wconf 86' lang='lat' dir='ltr'><strong>querelis</strong></span> <span class='ocrx_word' id='word_1_149' title='bbox 470 2137 671 2204; x_wconf 86' lang='lat' dir='ltr'><strong>Rhodiorum</strong></span> <span class='ocrx_word' id='word_1_150' title='bbox 702 2160 745 2202; x_wconf 84' lang='lat' dir='ltr'><strong>un</strong></span> <span class='ocrx_word' id='word_1_151' title='bbox 775 2137 925 2222; x_wconf 81' lang='lat' dir='ltr'><strong>cupidine</strong></span> <span class='ocrx_word' id='word_1_152' title='bbox 952 2136 1108 2223; x_wconf 83' lang='lat' dir='ltr'><strong>diripien-</strong></span> 
     </span>
     <span class='ocr_line' id='line_1_23' title="bbox 138 2221 1111 2308; baseline 0.004 -22"><span class='ocrx_word' id='word_1_153' title='bbox 138 2223 251 2287; x_wconf 85' lang='lat' dir='ltr'><strong>dorum</strong></span> <span class='ocrx_word' id='word_1_154' title='bbox 272 2245 388 2306; x_wconf 85' lang='lat' dir='ltr'><strong>rerum,</strong></span> <span class='ocrx_word' id='word_1_155' title='bbox 411 2245 490 2306; x_wconf 83' lang='lat' dir='ltr'><strong>quos</strong></span> <span class='ocrx_word' id='word_1_156' title='bbox 512 2243 619 2287; x_wconf 85' lang='lat' dir='ltr'><strong>seeum</strong></span> <span class='ocrx_word' id='word_1_157' title='bbox 638 2223 845 2305; x_wconf 83' lang='lat' dir='ltr'><strong>advexerunt,</strong></span> <span class='ocrx_word' id='word_1_158' title='bbox 868 2221 1004 2288; x_wconf 81' lang='lat' dir='ltr'><strong>Phalern</strong></span> <span class='ocrx_word' id='word_1_159' title='bbox 1026 2224 1111 2308; x_wconf 82' lang='lat' dir='ltr'><strong>lupi·</strong></span> 
     </span>
     <span class='ocr_line' id='line_1_24' title="bbox 140 2305 1108 2392; baseline 0.003 -22"><span class='ocrx_word' id='word_1_160' title='bbox 140 2305 232 2370; x_wconf 89' lang='lat' dir='ltr'><strong>dibus</strong></span> <span class='ocrx_word' id='word_1_161' title='bbox 259 2307 397 2371; x_wconf 82' lang='lat' dir='ltr'><strong>insecuti</strong></span> <span class='ocrx_word' id='word_1_162' title='bbox 423 2308 542 2372; x_wconf 75' lang='lat' dir='ltr'><strong>n&#39;eount</strong></span> <span class='ocrx_word' id='word_1_163' title='bbox 568 2306 794 2390; x_wconf 88' lang='lat' dir='ltr'><strong>distributique</strong></span> <span class='ocrx_word' id='word_1_164' title='bbox 821 2329 879 2390; x_wconf 87' lang='lat' dir='ltr'><strong>per</strong></span> <span class='ocrx_word' id='word_1_165' title='bbox 904 2307 1108 2392; x_wconf 82' lang='lat' dir='ltr'><strong>supradiotae</strong></span> 
     </span>
     <span class='ocr_line' id='line_1_25' title="bbox 100 2390 1104 2476; baseline 0.005 -24"><span class='ocrx_word' id='word_1_166' title='bbox 100 2411 126 2452; x_wconf 77' lang='lat' dir='ltr'><strong>re</strong></span> <span class='ocrx_word' id='word_1_167' title='bbox 139 2390 234 2455; x_wconf 89' lang='lat' dir='ltr'><strong>urbes</strong></span> <span class='ocrx_word' id='word_1_168' title='bbox 256 2411 371 2456; x_wconf 84' lang='lat' dir='ltr'><strong>aurum</strong></span> <span class='ocrx_word' id='word_1_169' title='bbox 389 2411 426 2456; x_wconf 79' lang='lat' dir='ltr'><strong>ee</strong></span> <span class='ocrx_word' id='word_1_170' title='bbox 447 2391 571 2474; x_wconf 83' lang='lat' dir='ltr'><strong>relique</strong></span> <span class='ocrx_word' id='word_1_171' title='bbox 584 2391 720 2474; x_wconf 76' lang='lat' dir='ltr'><strong>praedae</strong></span> <span class='ocrx_word' id='word_1_172' title='bbox 744 2393 831 2456; x_wconf 88' lang='lat' dir='ltr'><strong>inter</strong></span> <span class='ocrx_word' id='word_1_173' title='bbox 850 2413 884 2457; x_wconf 87' lang='lat' dir='ltr'><strong>se</strong></span> <span class='ocrx_word' id='word_1_174' title='bbox 900 2392 1104 2476; x_wconf 87' lang='lat' dir='ltr'><strong>dispertiunt.</strong></span> 
     </span>
     <span class='ocr_line' id='line_1_26' title="bbox 222 2473 1108 2560; baseline 0 -20"><span class='ocrx_word' id='word_1_175' title='bbox 222 2473 263 2540; x_wconf 90' lang='lat' dir='ltr'><strong>V.</strong></span> <span class='ocrx_word' id='word_1_176' title='bbox 300 2474 435 2540; x_wconf 85' lang='lat' dir='ltr'><strong>Interim</strong></span> <span class='ocrx_word' id='word_1_177' title='bbox 457 2476 623 2559; x_wconf 83' lang='lat' dir='ltr'><strong>exereitus,</strong></span> <span class='ocrx_word' id='word_1_178' title='bbox 647 2475 702 2560; x_wconf 91' lang='lat' dir='ltr'><strong>qui</strong></span> <span class='ocrx_word' id='word_1_179' title='bbox 724 2495 797 2540; x_wconf 85' lang='lat' dir='ltr'><strong>oum</strong></span> <span class='ocrx_word' id='word_1_180' title='bbox 813 2475 987 2541; x_wconf 84' lang='lat' dir='ltr'><strong>Memnone</strong></span> <span class='ocrx_word' id='word_1_181' title='bbox 1009 2497 1108 2541; x_wconf 84' lang='lat' dir='ltr'><strong>rene-</strong></span> 
     </span>
    </p>

    <p class='ocr_par' dir='ltr' id='par_1_3' title="bbox 99 2559 1110 2984">
     <span class='ocr_line' id='line_1_27' title="bbox 137 2559 1109 2656; baseline 0.002 -32"><span class='ocrx_word' id='word_1_182' title='bbox 137 2564 204 2642; x_wconf 87' lang='lat' dir='ltr'><strong>ret‚</strong></span> <span class='ocrx_word' id='word_1_183' title='bbox 238 2559 355 2656; x_wconf 88' lang='lat' dir='ltr'><strong>positis</strong></span> <span class='ocrx_word' id='word_1_184' title='bbox 383 2581 442 2643; x_wconf 89' lang='lat' dir='ltr'><strong>per</strong></span> <span class='ocrx_word' id='word_1_185' title='bbox 468 2560 556 2625; x_wconf 82' lang='lat' dir='ltr'><strong>locos</strong></span> <span class='ocrx_word' id='word_1_186' title='bbox 588 2560 716 2644; x_wconf 78' lang='lat' dir='ltr'><strong>patulos</strong></span> <span class='ocrx_word' id='word_1_187' title='bbox 750 2561 877 2644; x_wconf 83' lang='lat' dir='ltr'><strong>cestrie,</strong></span> <span class='ocrx_word' id='word_1_188' title='bbox 911 2583 998 2634; x_wconf 82' lang='lat' dir='ltr'><strong>nem</strong></span> <span class='ocrx_word' id='word_1_189' title='bbox 1015 2561 1109 2626; x_wconf 74' lang='lat' dir='ltr'><strong>intra</strong></span> 
     </span>
     <span class='ocr_line' id='line_1_28' title="bbox 137 2642 1108 2729; baseline 0.002 -21"><span class='ocrx_word' id='word_1_190' title='bbox 137 2665 266 2708; x_wconf 79' lang='lat' dir='ltr'><strong>moerus</strong></span> <span class='ocrx_word' id='word_1_191' title='bbox 287 2642 374 2709; x_wconf 81' lang='lat' dir='ltr'><strong>haud</strong></span> <span class='ocrx_word' id='word_1_192' title='bbox 395 2645 489 2710; x_wconf 85' lang='lat' dir='ltr'><strong>feoile</strong></span> <span class='ocrx_word' id='word_1_193' title='bbox 511 2648 602 2710; x_wconf 83' lang='lat' dir='ltr'><strong>tenta</strong></span> <span class='ocrx_word' id='word_1_194' title='bbox 629 2645 679 2709; x_wconf 82' lang='lat' dir='ltr'><strong>vis</strong></span> <span class='ocrx_word' id='word_1_195' title='bbox 700 2644 869 2710; x_wconf 83' lang='lat' dir='ltr'><strong>hominurn</strong></span> <span class='ocrx_word' id='word_1_196' title='bbox 890 2645 1023 2710; x_wconf 87' lang='lat' dir='ltr'><strong>retineri</strong></span> <span class='ocrx_word' id='word_1_197' title='bbox 1045 2667 1108 2729; x_wconf 90' lang='lat' dir='ltr'><strong>po-</strong></span> 
     </span>
     <span class='ocr_line' id='line_1_29' title="bbox 138 2727 1103 2828; baseline 0.001 -36"><span class='ocrx_word' id='word_1_198' title='bbox 138 2731 237 2812; x_wconf 80' lang='lat' dir='ltr'><strong>terat,</strong></span> <span class='ocrx_word' id='word_1_199' title='bbox 281 2727 398 2794; x_wconf 86' lang='lat' dir='ltr'><strong>diversi</strong></span> <span class='ocrx_word' id='word_1_200' title='bbox 434 2752 492 2796; x_wconf 88' lang='lat' dir='ltr'><strong>suo</strong></span> <span class='ocrx_word' id='word_1_201' title='bbox 535 2729 670 2827; x_wconf 76' lang='lat' dir='ltr'><strong>quisque</strong></span> <span class='ocrx_word' id='word_1_202' title='bbox 706 2749 823 2814; x_wconf 87' lang='lat' dir='ltr'><strong>genere</strong></span> <span class='ocrx_word' id='word_1_203' title='bbox 860 2729 1103 2828; x_wconf 76' lang='lat' dir='ltr'><strong>exercebantur.</strong></span> 
     </span>
     <span class='ocr_line' id='line_1_30' title="bbox 99 2811 1110 2984; baseline -0.002 -20"><span class='ocrx_word' id='word_1_204' title='bbox 99 2832 250 2964; x_wconf 62' lang='lat' dir='ltr'><strong>”tlt</strong></span> <span class='ocrx_word' id='word_1_205' title='bbox 271 2811 1110 2984; x_wconf 51' lang='lat' dir='ltr'><strong>{ditddestituitstituit}</strong></span> 
     </span>
    </p>
   </div>
   <div class='ocr_carea' id='block_1_3' title="bbox 135 3136 1108 3607">
    <p class='ocr_par' dir='ltr' id='par_1_4' title="bbox 135 3136 1108 3607">
     <span class='ocr_line' id='line_1_31' title="bbox 205 3136 1106 3204; baseline -0.003 -15"><span class='ocrx_word' id='word_1_206' title='bbox 205 3140 221 3189; x_wconf 87' lang='grc'>3</span> <span class='ocrx_word' id='word_1_207' title='bbox 239 3151 341 3204; x_wconf 84' lang='lat' dir='ltr'><strong>genero</strong></span> <span class='ocrx_word' id='word_1_208' title='bbox 359 3136 508 3200; x_wconf 83' lang='lat' dir='ltr'><strong>insignium</strong></span> <span class='ocrx_word' id='word_1_209' title='bbox 525 3137 598 3199; x_wconf 81' lang='lat' dir='ltr'><strong>libri,</strong></span> <span class='ocrx_word' id='word_1_210' title='bbox 616 3137 767 3202; x_wconf 72' lang='lat' dir='ltr'><strong>insignium</strong></span> <span class='ocrx_word' id='word_1_211' title='bbox 784 3152 831 3187; x_wconf 89' lang='lat' dir='ltr'><strong>om.</strong></span> <span class='ocrx_word' id='word_1_212' title='bbox 853 3138 879 3186; x_wconf 91' lang='lat' dir='ltr'><em>V</em></span> <span class='ocrx_word' id='word_1_213' title='bbox 894 3151 959 3202; x_wconf 86' lang='lat' dir='ltr'><strong>quae</strong></span> <span class='ocrx_word' id='word_1_214' title='bbox 976 3151 1028 3187; x_wconf 76' lang='lat' dir='ltr'><strong>nox</strong></span> <span class='ocrx_word' id='word_1_215' title='bbox 1044 3136 1106 3198; x_wconf 75' lang='lat' dir='ltr'><strong>sor·</strong></span> 
     </span>
     <span class='ocr_line' id='line_1_32' title="bbox 135 3202 1105 3272; baseline 0 -18"><span class='ocrx_word' id='word_1_216' title='bbox 135 3211 205 3256; x_wconf 75' lang='lat' dir='ltr'><strong>ruere</strong></span> <span class='ocrx_word' id='word_1_217' title='bbox 216 3206 264 3257; x_wconf 81' lang='lat' dir='ltr'><strong>lzuu</strong></span> <span class='ocrx_word' id='word_1_218' title='bbox 281 3221 296 3256; x_wconf 82' lang='lat' dir='ltr'><strong>e</strong></span> <span class='ocrx_word' id='word_1_219' title='bbox 312 3205 474 3272; x_wconf 70' lang='lat' dir='ltr'><strong>sequentibus</strong></span> <span class='ocrx_word' id='word_1_220' title='bbox 485 3205 595 3269; x_wconf 78' lang='lat' dir='ltr'><strong>irrepsit</strong></span> <span class='ocrx_word' id='word_1_221' title='bbox 639 3207 656 3255; x_wconf 84' lang='lat'>4</span> <span class='ocrx_word' id='word_1_222' title='bbox 674 3209 795 3268; x_wconf 78' lang='lat' dir='ltr'><strong>uotaque</strong></span> <span class='ocrx_word' id='word_1_223' title='bbox 810 3204 917 3268; x_wconf 70' lang='lat' dir='ltr'><strong>quaed</strong></span> <span class='ocrx_word' id='word_1_224' title='bbox 962 3202 1105 3255; x_wconf 81' lang='lat' dir='ltr'><strong>60breclr·</strong></span> 
     </span>
     <span class='ocr_line' id='line_1_33' title="bbox 136 3271 1104 3338; baseline -0.003 -16"><span class='ocrx_word' id='word_1_225' title='bbox 136 3279 176 3322; x_wconf 81' lang='lat' dir='ltr'><strong>tue</strong></span> <span class='ocrx_word' id='word_1_226' title='bbox 194 3289 244 3324; x_wconf 84' lang='lat' dir='ltr'><strong>non</strong></span> <span class='ocrx_word' id='word_1_227' title='bbox 260 3279 325 3326; x_wconf 84' lang='lat' dir='ltr'><strong>male</strong></span> <span class='ocrx_word' id='word_1_228' title='bbox 343 3286 398 3338; x_wconf 82' lang='lat' dir='ltr'><strong>qne</strong></span> <span class='ocrx_word' id='word_1_229' title='bbox 418 3271 474 3321; x_wconf 80' lang='lat' dir='ltr'><strong>uisi</strong></span> <span class='ocrx_word' id='word_1_230' title='bbox 497 3275 620 3337; x_wconf 82' lang='lat' dir='ltr'><strong>poterat,</strong></span> <span class='ocrx_word' id='word_1_231' title='bbox 644 3281 772 3336; x_wconf 70' lang='lat' dir='ltr'><strong>utsupra</strong></span> <span class='ocrx_word' id='word_1_232' title='bbox 790 3271 840 3322; x_wconf 84' lang='grc' dir='ltr'><strong>ΙΙΙ</strong></span> <span class='ocrx_word' id='word_1_233' title='bbox 865 3275 898 3322; x_wconf 85' lang='grc'><strong>15</strong></span> <span class='ocrx_word' id='word_1_234' title='bbox 919 3282 922 3286; x_wconf 80' lang='grc'><strong><em>’</em></strong></span> <span class='ocrx_word' id='word_1_235' title='bbox 968 3273 999 3320; x_wconf 76' lang='lat'><strong>12</strong></span> <span class='ocrx_word' id='word_1_236' title='bbox 1018 3271 1104 3322; x_wconf 85' lang='lat' dir='ltr'><strong>oemi-</strong></span> 
     </span>
     <span class='ocr_line' id='line_1_34' title="bbox 135 3337 1106 3406; baseline -0.001 -17"><span class='ocrx_word' id='word_1_237' title='bbox 135 3355 194 3389; x_wconf 76' lang='lat' dir='ltr'><strong>rum</strong></span> <span class='ocrx_word' id='word_1_238' title='bbox 214 3339 262 3390; x_wconf 80' lang='lat' dir='ltr'><strong>GB</strong></span> <span class='ocrx_word' id='word_1_239' title='bbox 297 3340 421 3404; x_wconf 82' lang='lat' dir='ltr'><strong>oelysnm</strong></span> <span class='ocrx_word' id='word_1_240' title='bbox 442 3337 490 3390; x_wconf 80' lang='lat' dir='ltr'><strong>GB</strong></span> <span class='ocrx_word' id='word_1_241' title='bbox 512 3346 643 3406; x_wconf 72' lang='lat' dir='ltr'><strong>umeroque</strong></span> <span class='ocrx_word' id='word_1_242' title='bbox 666 3355 734 3390; x_wconf 82' lang='lat' dir='ltr'><strong>corr.</strong></span> <span class='ocrx_word' id='word_1_243' title='bbox 754 3339 891 3390; x_wconf 68' lang='lat' dir='ltr'><strong>Mercrius</strong></span> <span class='ocrx_word' id='word_1_244' title='bbox 961 3339 993 3388; x_wconf 83' lang='lat'><strong>14</strong></span> <span class='ocrx_word' id='word_1_245' title='bbox 1011 3337 1106 3402; x_wconf 82' lang='lat' dir='ltr'><strong>palem</strong></span> 
     </span>
     <span class='ocr_line' id='line_1_35' title="bbox 137 3405 1108 3458; baseline -0.004 0"><span class='ocrx_word' id='word_1_246' title='bbox 137 3405 185 3458; x_wconf 80' lang='lat' dir='ltr'><strong>OB</strong></span> <span class='ocrx_word' id='word_1_247' title='bbox 218 3407 335 3458; x_wconf 81' lang='lat' dir='ltr'><strong>Phelam</strong></span> <span class='ocrx_word' id='word_1_248' title='bbox 357 3406 383 3458; x_wconf 91' lang='lat' dir='ltr'><em>P</em></span> <span class='ocrx_word' id='word_1_249' title='bbox 470 3409 501 3458; x_wconf 87' lang='grc'><strong>19</strong></span> <span class='ocrx_word' id='word_1_250' title='bbox 525 3408 637 3458; x_wconf 77' lang='lat' dir='ltr'><strong>faetore</strong></span> <span class='ocrx_word' id='word_1_251' title='bbox 664 3407 713 3456; x_wconf 85' lang='lat' dir='ltr'><strong>Vl’</strong></span> <span class='ocrx_word' id='word_1_252' title='bbox 800 3408 833 3457; x_wconf 79' lang='lat'><strong>23</strong></span> <span class='ocrx_word' id='word_1_253' title='bbox 861 3405 1033 3456; x_wconf 77' lang='lat' dir='ltr'><strong>aduexerant</strong></span> <span class='ocrx_word' id='word_1_254' title='bbox 1055 3405 1108 3456; x_wconf 71' lang='grc' dir='ltr'><strong>ΕΒ</strong></span> 
     </span>
     <span class='ocr_line' id='line_1_36' title="bbox 136 3473 1105 3538; baseline 0.001 -15"><span class='ocrx_word' id='word_1_255' title='bbox 136 3473 292 3526; x_wconf 81' lang='lat' dir='ltr'><strong>adduxerat</strong></span> <span class='ocrx_word' id='word_1_256' title='bbox 315 3475 346 3537; x_wconf 90' lang='lat' dir='ltr'><strong>P,</strong></span> <span class='ocrx_word' id='word_1_257' title='bbox 370 3475 531 3526; x_wconf 79' lang='lat' dir='ltr'><strong>Dederiotue</strong></span> <span class='ocrx_word' id='word_1_258' title='bbox 553 3475 706 3526; x_wconf 76' lang='lat' dir='ltr'><strong>aduexerat</strong></span> <span class='ocrx_word' id='word_1_259' title='bbox 754 3499 757 3507; x_wconf 89' lang='grc'><strong><em>·</em></strong></span> <span class='ocrx_word' id='word_1_260' title='bbox 781 3477 814 3526; x_wconf 80' lang='grc'><strong>30</strong></span> <span class='ocrx_word' id='word_1_261' title='bbox 834 3474 1105 3538; x_wconf 75' lang='lat' dir='ltr'><strong>praepositionem-in</strong></span> 
     </span>
     <span class='ocr_line' id='line_1_37' title="bbox 136 3541 914 3607; baseline 0.001 -16"><span class='ocrx_word' id='word_1_262' title='bbox 136 3543 228 3592; x_wconf 82' lang='lat' dir='ltr'><strong>addidi</strong></span> <span class='ocrx_word' id='word_1_263' title='bbox 244 3557 298 3591; x_wconf 82' lang='lat' dir='ltr'><strong>eum</strong></span> <span class='ocrx_word' id='word_1_264' title='bbox 317 3541 509 3601; x_wconf 80' lang='lat' dir='ltr'><strong>Hildetrundo,</strong></span> <span class='ocrx_word' id='word_1_265' title='bbox 528 3543 604 3594; x_wconf 74' lang='lat' dir='ltr'><strong>tabet</strong></span> <span class='ocrx_word' id='word_1_266' title='bbox 622 3558 676 3592; x_wconf 81' lang='lat' dir='ltr'><strong>eam</strong></span> <span class='ocrx_word' id='word_1_267' title='bbox 690 3549 751 3607; x_wconf 72' lang='lat' dir='ltr'><strong>porr</strong></span> <span class='ocrx_word' id='word_1_268' title='bbox 769 3555 860 3607; x_wconf 85' lang='lat' dir='ltr'><strong>neque</strong></span> <span class='ocrx_word' id='word_1_269' title='bbox 882 3541 914 3592; x_wconf 85' lang='lat' dir='ltr'><strong>V.</strong></span> 
     </span>
    </p>
   </div>
   <div class='ocr_carea' id='block_1_4' title="bbox 0 0 1215 3944">
    <p class='ocr_par' dir='ltr' id='par_1_5' title="bbox 0 0 1215 3944">
     <span class='ocr_line' id='line_1_38' title="bbox 0 0 1215 3944; baseline 0 0"><span class='ocrx_word' id='word_1_270' title='bbox 0 0 1215 3944; x_wconf 95' lang='lat' dir='ltr'><strong> </strong></span> 
     </span>
    </p>
   </div>
  </div>
 </body>
</html>
