2416 3944
166 177 210 238 46
477 172 608 224 chri's
626 171 829 224 ceffrurrffls

167 328 256 390 ribus
289 323 415 409 gravati
446 321 554 387 locum
586 322 737 386 amisere:
774 320 846 403 quis
874 321 974 384 versis
1007 321 1141 386 barbari

168 410 293 474 nullam
323 429 412 491 spem
440 407 597 490 reliquam
631 406 743 470 salutis
776 405 839 468 rati
860 405 930 468 sine
956 407 1140 471 rectoribus

167 515 273 578 neque
294 514 430 576 usquam
452 497 540 556 certo
563 490 675 555 ordine
696 489 843 574 palantes
865 489 1022 573 effusique
1043 513 1140 556 ruere
1206 555 1207 564 ἶ

169 579 209 644 ad
230 582 341 663 portas
368 597 470 659 eoque
499 580 569 639 arto
600 577 632 638 et
657 574 901 658 properantium
928 574 1140 641 multitudine
1206 581 1207 586 ’

127 681 140 721 ⁵
166 658 1140 840 11111111111111111111

168 832 301 896 ducibus
327 830 420 894 Aiax.
464 833 534 894 tum
560 848 680 912 magna
705 850 754 892 vrs
780 827 990 891 barbarorum
1011 829 1140 912 trepida

167 916 384 1000 impeditaque
399 915 485 978 inter
499 935 533 978 se
548 934 638 978 caesa
650 913 865 994 extinctaque,
880 912 915 975 in
931 912 1139 994 quisPriami

167 1002 308 1064 filiorum
335 999 500 1081 Antiphus
532 1003 565 1062 et
591 997 728 1078 Polites,
762 1002 919 1060 Pammou
950 1000 1139 1081 Mestorque

129 1104 155 1142 10
168 1087 265 1168 atque
285 1083 337 1148 Eu
359 1082 474 1146 hernus
488 1081 683 1147 Troezenius
704 1081 769 1145 dux
796 1081 945 1166 egregius
967 1080 1137 1146 Ciconum.

252 1167 311 1232 XL
363 1217 369 1231 .
406 1167 458 1232 Ita
471 1166 604 1231 Troiani
625 1166 723 1250 paulo
745 1169 821 1230 ante
835 1165 983 1249 victores,
1005 1167 1061 1230 ubi
1084 1167 1139 1230 ad-

167 1257 268 1320 ventu
290 1252 399 1316 Aiacis
427 1251 561 1316 fortuna
587 1251 665 1315 belli
692 1253 816 1314 11111111
838 1253 901 1334 est,
928 1251 1029 1314 versis
1051 1251 1140 1316 ‹luci-

167 1340 227 1403 bus
248 1359 370 1422 poenas
391 1336 477 1400 luere
499 1336 634 1400 militiae
655 1335 867 1400 inconsultae.
909 1339 943 1398 at
962 1339 1140 1418 postquam

168 1423 361 1487 adventante
389 1443 523 1504 vespera
550 1422 680 1504 signum
706 1420 827 1484 nostris
853 1420 997 1502 receptui
1026 1419 1139 1484 datum

100 1539 102 1544 ·
130 1525 156 1566 15
169 1511 228 1589 est,
250 1507 388 1570 victores
408 1506 549 1588 laetique
571 1505 612 1568 ad
625 1526 724 1570 naves
741 1504 884 1602 regressi
890 1525 973 1600 ,mox
995 1505 1036 1568 ab
1051 1507 1082 1568 A
1127 1543 1139 1554 ·

168 1611 339 1654 memnone
361 1595 511 1653 cenatum
532 1588 742 1654 deducuntur.
786 1589 832 1652 rbi
855 1588 940 1651 Aiax
965 1589 1084 1654 conlau
1106 1612 1139 1654 a·
1206 1609 1207 1628 ÷

167 1680 220 1740 tus
241 1696 262 1738 a
281 1695 358 1759 rege
380 1673 474 1738 donis
496 1673 635 1758 egregiis
659 1673 848 1737 honoratur.
891 1693 997 1755 neque
1019 1673 1139 1757 reliqui

168 1760 263 1823 duces
284 1759 371 1823 facta
392 1762 546 1842 gestaque
573 1758 636 1822 viri
657 1757 786 1822 silentio
808 1756 993 1839 remittunt,
1016 1758 1139 1842 quippe

169 1841 289 1929 singuli
315 1842 506 1907 extollentes
533 1843 686 1907 virtutem
708 1862 885 1906 memorare
912 1841 1012 1906 fortia
1039 1842 1138 1924 facta,

130 1948 156 1987 oo
169 1949 295 1992 eversas
324 1927 374 1991 ab*
398 1949 436 1992 eo
468 1930 520 1992 tot
546 1926 707 2012 Phrygiae
743 1926 890 1990 civitates
918 1925 1138 2010 abductasque

168 2011 302 2096 praedes
323 2016 357 2076 et
377 2011 418 2076 ad
431 2016 630 2096 postremum
651 2011 687 2074 in
707 2011 786 2094 ipsis
807 2009 944 2075 navibus
965 2011 1138 2076 adversum

167 2096 340 2162 Hectorem
363 2095 527 2181 egregiam
548 2117 691 2180 pugnam
718 2095 933 2180 liberatusque
959 2095 1031 2180 igni
1058 2095 1139 2160 clas·

168 2203 227 2246 ses.
263 2202 368 2264 neque
390 2181 540 2264 cuiquam
554 2180 697 2263 dubium,
721 2179 801 2262 quin
815 2201 853 2243 ea
866 2183 1059 2263 tempestate
1086 2185 1139 2245 tot

129 2367 155 2406 ao
168 2265 308 2432 ἓξὲξ
330 2263 1139 2413 Zffiggerrlgistffiusvggssssfflfflpezgeffi

167 2455 281 2518 proras
316 2450 430 2498 uarum
443 2433 586 2517 navium,
601 2433 718 2514 quibus
737 2433 857 2496 inlatus
876 2433 963 2518 ignis
978 2455 1051 2496 eam
1064 2456 1139 2517 par·

167 2524 234 2582 tem
248 2521 375 2582 tantum
390 2517 486 2583 modo
502 2520 752 2600 consumpserat,
763 2516 865 2601 Epios
875 2518 967 2582 brevi
981 2519 1136 2584 restituit.

167 2607 301 2684 tumque
314 2601 428 2666 Graeci
440 2603 502 2666 rati
513 2608 588 2686 post
597 2601 716 2666 malam
726 2622 869 2686 pugnam
880 2601 1038 2666 Troianos
1054 2603 1138 2668 ulte-

168 2686 235 2750 rius
249 2685 332 2749 nihil
346 2686 464 2750 hostile
480 2708 614 2752 ausuros
629 2687 730 2770 quieti
745 2707 782 2750 ao
803 2687 873 2750 sine
889 2691 1013 2751 terrore
1028 2707 1137 2772 egere.

130 2789 163 2854 eol
253 2769 353 2834 XLV.
389 2770 558 2835 Paridem
580 2775 707 2854 tempus
728 2770 854 2836 Rhesus
874 2772 979 2836 Elone
1029 2772 1139 2837 enitus

167 2855 254 2920 haud
275 2855 399 2920 alienus
421 2878 440 2920 a
461 2855 582 2921 Priami
608 2856 750 2938 amicitia
775 2860 870 2938 pacta
893 2793 1041 2920 mercerie
1063 2878 1139 2922 cum

168 2941 294 3024 magnis
322 2940 483 3005 Thracum
519 2941 621 3024 copiis
653 2940 856 3005 adventabat.
905 2941 934 3004 is
967 2940 1140 3006 incedente

168 3024 229 3088 iam
257 3045 391 3107 vespera
417 3026 581 3110 paulisper
612 3029 755 3090 moratus
782 3025 869 3108 apud
900 3025 1138 3111 paeninsulam,

236 3179 368 3244 egressu
388 3178 425 3230 6¹
494 3183 635 3231 9ammon
657 3185 806 3245 nestorque
832 3179 880 3229 GB
918 3179 1052 3231 Pammon
1075 3182 1138 3231 Me-

167 3251 226 3296 stor
247 3247 385 3297 Mercerus
469 3249 501 3298 10
527 3251 611 3310 atque
639 3263 685 3298 om.
714 3247 774 3310 GB,
800 3249 862 3297 add.
884 3247 935 3296 VP
957 3245 962 3310 Ι
989 3247 1138 3312 euphimns

169 3313 226 3376 ΕΒ,
243 3330 314 3365 corr.
337 3315 362 3364 V
413 3316 446 3364 18
462 3315 577 3374 fortasse
594 3315 752 3366 scribendum
768 3321 807 3364 ert
824 3315 1051 3379 praetermittunt
1104 3317 1139 3366 30

167 3381 277 3431 ioneG
317 3383 420 3433 cisione
443 3381 469 3430 B
508 3381 622 3432 deioneo
650 3382 682 3441 V,
706 3399 775 3433 corr.
798 3383 934 3432 Mercenoe
1002 3384 1036 3434 32
1058 3383 1162 3436 ince·.

168 3447 244 3498 denti
262 3463 398 3513 auespera
417 3449 438 3499 (τ’
472 3449 611 3501 incedenti
628 3463 752 3514 uespera,
764 3449 799 3513 B,
816 3464 885 3500 corr.
903 3449 960 3499 VP.
1018 3453 1053 3501 33
1071 3451 1139 3516 peni

169 3515 222 3565 ins.
240 3513 266 3562 B
302 3516 385 3581 paein
402 3515 454 3566 ins.
474 3516 503 3568 G.
