2424 3938
168 243 240 290 m
536 205 785 266 eannrnvro.

328 363 350 428 J
353 386 371 428 a
394 361 525 426 retraite
547 381 588 423 ne
610 361 646 424 fu
668 382 800 446 unqore,

329 450 401 516 Mes
425 448 560 516 Beneeiz
583 449 622 514 de
645 448 754 518 Scinte
777 449 869 518 More

330 538 386 604 L'a
408 541 560 604 controve‘
583 543 616 604 et
638 539 698 603 fait
720 543 753 604 et
775 541 831 624 dit,

329 627 375 694 nt
399 650 417 693 o
442 650 478 694 sa
500 627 590 694 main
612 629 659 694 les
682 650 754 696 moz
776 630 873 696 escrit

170 742 199 784 v.
222 718 309 784 2049

330 827 371 871 ne
394 804 513 870 Beneiz
535 827 594 890 pas
617 808 670 871 nel
694 809 810 894 alonge
852 811 855 817 '
971 806 976 812 ’

170 919 199 962 v.
223 894 312 962 2054
840 968 846 974 ,

331 984 359 1046 si
382 1004 453 1048 com
476 982 593 1046 Beneiz
616 983 779 1068 l'apareeit

173 1071 360 1157 saepissime
388 1070 511 1136 fontem
535 1092 573 1134 ex
596 1094 659 1157 quo
682 1071 826 1138 hauserit
854 1071 977 1137 scilieet
998 1068 1151 1134 Daretem.

171 1158 280 1243 ι101511)
299 1159 466 1244 sexaginta
478 1162 544 1223 tres
558 1159 655 1243 locos,
670 1159 786 1245 quibus
799 1161 861 1226 hoe
879 1181 1001 1224 nomen
1015 1159 1153 1223 occurrat

173 1250 340 1313 enumerat
362 1251 395 1311 et
417 1269 480 1331 qua
502 1248 627 1312 ratione
649 1248 843 1314 Benedictus
874 1248 965 1313 fonte
998 1268 1057 1312 suo
1084 1266 1154 1310 usus

174 1337 217 1402 sit
247 1337 377 1401 uberius
413 1336 557 1419 explieat.
611 1335 662 1400 lta
692 1359 764 1402 oum
800 1335 903 1401 Dares
937 1333 983 1422 (p.
1016 1335 1072 1417 14,
1107 1331 1154 1412 15)

173 1424 332 1489 Helenam
340 1423 553 1508 „formosam“
566 1425 784 1509 appellaverit,
797 1424 991 1490 Benedictus
1001 1423 1041 1488 de
1051 1422 1153 1487 eaden

174 1513 252 1577 dicit
275 1510 317 1597 (v.
340 1510 442 1594 5107)

334 1599 383 1663 De
406 1600 505 1664 bialte
527 1603 595 1666 tote
617 1603 687 1666 rien
710 1605 873 1667 sormoute

334 1688 381 1772 Co
404 1687 451 1751 dit
473 1687 596 1773 Daires,
620 1690 675 1774 qui
698 1712 735 1774 co
758 1693 897 1771 reconna,

334 1773 522 1841 Sermontot
543 1776 582 1841 de
604 1777 704 1842 bialte
725 1779 859 1844 Heleine

335 1863 416 1930 'lete
440 1865 510 1929 rien
533 1866 588 1950 qui
610 1867 727 1952 nasqui
749 1867 908 1932 humaine.
1185 1875 1186 1950 1

176 1953 226 2020 De
261 1953 355 2019 Ulixe
386 1952 488 2018 Dares
521 1952 564 2038 (p.
595 1955 645 2038 16,
676 1955 731 2039 18)
768 1957 814 2022 ita
849 1955 1006 2042 loquitur:
1048 1952 1150 2018 Ulixen
1184 1967 1185 2044 l

176 2043 305 2107 firmum
320 2040 467 2106 dolosum
490 2063 545 2107 ore
567 2043 662 2107 hilari
686 2047 811 2110 statura
833 2045 939 2109 media
962 2044 1151 2128 eloquentem
1183 2049 1184 2136 1

177 2133 367 2215 sapientem:
395 2130 480 2214 apud
502 2128 714 2196 Benedictum
735 2133 872 2218 legimus
895 2132 938 2216 (v.
963 2129 1067 2214 5183)
1182 2139 1183 2152 ’

277 2278 279 2283 .
328 2218 377 2281 De
400 2222 497 2303 grant
518 2219 627 2303 hiare,
649 2243 687 2307 co
711 2221 759 2284 dit
780 2220 892 2305 DareS,

335 2306 397 2371 Les
422 2310 603 2372 sormontot
620 2311 673 2372 ton
696 2307 817 2374 Ulixes.

335 2392 426 2458 N'ert
447 2395 510 2458 mie
534 2415 633 2480 grana
655 2418 696 2460 ne
718 2401 792 2480 trop
814 2397 906 2480 petiz,

336 2481 406 2546 Mes
430 2483 469 2546 de
492 2487 589 2568 grant
612 2506 685 2549 sens
709 2487 803 2550 estoit
825 2484 943 2569 garniz.
997 2559 999 2563 ⁸

178 2568 231 2632 ille
259 2568 431 2635 Hectorem
464 2567 508 2655 (p
535 2571 584 2655 15,
619 2572 652 2656 1)
684 2573 830 2657 pluribus
866 2571 972 2636 verbis
1000 2567 1150 2634 describit:

176 2657 286 2739 „vultu
299 2659 474 2723 venerabili
488 2660 660 2725 barbatum
674 2659 857 2726 decentem“
869 2665 929 2736 eta,
942 2659 996 2722 hic
1005 2657 1052 2743 (v.
1067 2655 1151 2724 5411

277 2815 278 2818 ,
337 2746 420 2811 Bien
441 2769 502 2812 nos
526 2769 566 2811 en
589 2759 639 2813 est
661 2748 775 2814 Daires
799 2769 928 2833 garena,

339 2834 422 2910 Qu'il
446 2835 479 2900 fu
502 2837 578 2901 flors
603 2837 641 2901 de
665 2835 849 2902 chevalerie.

179 2919 470 3007 8111113816)
500 2925 634 3007 „aeriter
660 2947 718 3009 per
746 2925 868 3010 aliquot
897 2923 965 2987 dies
995 2925 1150 3014 pugnatur·

179 3009 282 3072 multa
304 3010 394 3075 milia
415 3011 583 3078 hominum
606 3035 646 3077 ex
668 3017 802 3098 utraque
829 3015 930 3096 parte·
945 3010 1099 3095 oadunt“;
1118 3009 1148 3071 n

73 3109 76 3114 ·
181 3093 223 3181 (v.
247 3098 372 3184 aomo)

340 3185 390 3252 Ne
412 3189 493 3253 truis
516 3190 546 3253 le
568 3193 668 3254 terme
691 3211 732 3254 ne
754 3186 873 3277 lessdis

343 3275 411 3350 Que
435 3281 519 3342 ceste
542 3278 673 3344 bataille
696 3279 785 3344 dura.

342 3361 411 3425 Mes
436 3365 476 3428 eil
500 3366 619 3430 dedanz
643 3371 675 3432 et
698 3367 738 3432 cil
762 3367 842 3448 dela,

184 3477 396 3493 w*-

260 3547 279 3613 ¹)
296 3549 315 3602 l·
334 3552 353 3604 l·
371 3570 400 3620 p.
418 3561 469 3609 207
489 3570 564 3623 seqq.
