2424 3938
447 236 702 292 1111111110.
957 258 1064 306 XXXIX

74 384 161 448 filiae
184 405 292 467 meae,
315 384 415 447 nolite
438 383 527 467 fiere,
550 383 664 466 habeo,
688 384 742 467 qui
765 385 894 446 nostras
917 383 1066 447 lacrimas
1200 403 1201 470 3

75 471 286 556 supprimat.“

164 557 242 626 Non
254 563 403 644 paucaut
417 559 621 630 doctissimus
636 559 757 623 amicus
771 580 861 623 meus
875 557 912 623 R.
927 559 1067 624 Kochler

73 671 201 713 mecum
242 648 491 713 communicavit
503 699 511 730 ‚
548 651 660 712 auctor
696 668 735 710 ex
770 648 872 731 poetis
909 647 1066 713 Romanis

1200 749 1201 770 1

74 738 224 823 sumpsit,
247 740 284 800 ut
306 759 344 801 ex
368 735 473 802 Ovidii
495 735 624 800 Metam.
648 734 712 799 XII
735 736 800 801 615

237 828 269 888 et
292 825 331 888 de
353 828 421 889 tam
444 846 563 910 magno
587 828 688 888 restat
710 823 836 889 Achille

118 911 238 977 Nescio
248 913 333 998 quid,
349 935 482 997 parvam
494 913 579 998 quod
592 935 658 978 non
672 913 754 976 bene
769 913 929 996 compleat
942 935 1065 978 urnam.

72 1002 155 1065 haec
178 999 239 1084 (IX
262 999 332 1084 83):
357 1024 375 1066 0
399 1003 498 1067 robur
520 1005 553 1064 et
575 1001 679 1086 gloria
701 1001 817 1084 Acies,
841 1023 951 1067 ornnes
970 1002 1065 1065 urbes

72 1094 106 1154 et
131 1090 241 1153 omnia
253 1090 349 1154 litora
362 1093 394 1154 te
417 1112 530 1174 capere
547 1112 614 1155 non
632 1093 791 1174 poterant,
814 1093 847 1154 et
868 1113 954 1156 nuno
968 1113 1068 1154 unam

72 1199 192 1241 urnam
217 1199 349 1242 auream·
368 1201 436 1243 non
458 1179 582 1262 imples,

164 1287 203 1330 ex
225 1265 354 1331 Metam.
377 1266 457 1330 XIII
482 1268 543 1332 168

118 1351 208 1419 Nata
231 1355 299 1438 dea,
322 1355 396 1438 dixi,
418 1356 479 1420 tibi
503 1377 537 1420 se
560 1356 701 1439 peritura
724 1359 889 1420 reservant
919 1378 923 1384 ·

117 1441 287 1527 Pergama.
325 1443 408 1519 Ouid
431 1437 560 1508 dubitas
574 1444 739 1528 ingentem
754 1447 894 1508 evertere
909 1443 1061 1508 Troiam?

71 1529 351 1614 haee(V1132):
390 1533 542 1597 odivina
568 1533 673 1617 virgo,
706 1554 746 1596 ne
770 1536 945 1616 perterrere
968 1531 1067 1602 Troia
1200 1481 1201 1484 ¹

71 1619 162 1702 urbe,
186 1623 334 1702 expectat
355 1623 387 1684 te
410 1620 509 1685 Troia
532 1643 551 1684 a
573 1624 606 1684 te
630 1621 772 1686 delenda.
871 1654 876 1658 ·

164 1729 202 1772 ex
225 1707 355 1772 Metam.
378 1707 459 1772 XIII
482 1711 545 1773 291
668 1775 670 1788 ,

234 1818 338 1880 neque
361 1798 447 1860 enim
472 1798 565 1881 clipei
588 1798 765 1863 caelamina
787 1800 876 1862 norit

106 1881 271 1947 Oceanum
295 1889 327 1948 et
349 1889 461 1969 terras,
484 1907 619 1970 cumque
643 1886 708 1951 alto
733 1887 837 1950 sidera
859 1887 957 1968 caelo,

103 1969 1065 2059 Pleiadasque,Hyadesque,immunemqucaequorisArcton,
1200 1973 1201 1978 ’

103 2057 319 2146 Diversaeque
341 2063 447 2146 urbes,
469 2063 670 2147 nitidumque
693 2063 821 2127 Orionis
845 2085 962 2127 ensem.

55 2147 152 2228 ¹haec
176 2145 266 2233 (VH,
293 2150 364 2234 Nl:
386 2173 475 2215 arma
503 2173 576 2216 eum
604 2156 708 2235 scuto,
738 2153 773 2214 in
801 2174 863 2236 quo
886 2151 973 2235 picta
996 2154 1066 2214 erat

70 2237 305 2389 imagodtotiuis
320 2241 448 2393 (pnnncg,
472 2241 521 2347 sol
535 2244 567 2304 et
578 2240 657 2341 luna
671 2243 703 2303 et
718 2240 828 2304 stellae
843 2244 876 2304 et
888 2243 1064 2324 tempestas

70 2346 87 2387 e
128 2343 407 2481 aliialii
430 2351 493 2481 2³3³
517 2344 611 2413 reas.

116 2499 198 2566 Ourn
220 2502 312 2568 Paris
336 2503 467 2570 Oenone
490 2505 610 2589 poterit
633 2506 754 2589 spirare
776 2505 889 2569 relicta

107 2669 111 2676 ¹
138 2589 190 2653 Ad
213 2592 337 2656 fontem
360 2592 483 2658 Xanthi
505 2616 598 2659 versa
620 2598 761 2660 recurret
784 2617 874 2678 aqua.

68 2679 151 2744 haec
174 2679 220 2764 (Π
244 2681 314 2766 83):
339 2691 357 2746 '0
381 2682 511 2747 domina
535 2682 683 2765 Oineuia,
706 2704 772 2747 non
796 2682 940 2746 deseram
963 2685 1008 2766 te3
1033 2683 1061 2747 si

68 2789 148 2920 Hero
176 2771 208 2832 te
237 2768 419 2856 deseruere,
448 2771 564 2836 fluvius
591 2772 644 2836 hic
671 2771 855 2835 Katantuia
884 2773 1060 2834 retrorsum

93 2860 156 2922 uet.

161 2968 199 3012 ex
221 2946 353 3014 Heroid.
375 2949 407 3014 V
430 2951 470 3015 57

115 3033 224 3120 thue
247 3039 330 3102 celer
352 3039 471 3123 venias,
494 3039 611 3104 uirides
629 3035 788 3102 'Nereidas
812 3059 877 3102 ore.

68 3124 151 3188 haec
175 3123 236 3209 (VI
259 3127 330 3210 26):
353 3149 426 3192 curn
448 3131 484 3191 tu
507 3127 570 3191 ires
593 3128 628 3191 in
651 3125 889 3204 Graeciam
912 3128 982 3189 turn
1003 3145 1062 3208 ego

65 3213 226 3294 precabar
238 3215 336 3279 vilem
360 3217 467 3300 maris,
489 3219 526 3279 ut
553 3217 681 3300 sisteret
706 3215 804 3279 maris
828 3214 954 3296 fluetus,
977 3215 1014 3276 ut
1026 3216 1063 3276 tu

65 3301 132 3365 ires
154 3301 242 3368 laeto
268 3305 371 3369 corde.

159 3413 199 3463 ex
220 3391 350 3458 Heroid.
372 3391 452 3458 XVI
477 3393 540 3459 185
657 3443 663 3448 -

114 3479 141 3544 O
165 3482 314 3564 quotiens
329 3482 415 3547 dices
438 3505 553 3568 „quam
576 3502 699 3565 pauper
711 3482 836 3546 Achaia
849 3483 963 3544 nostra
977 3477 1062 3543 0011α

158 3566 233 3632 Una
256 3571 369 3636 domus
393 3572 523 3656 quaevis
547 3570 635 3634 urbis
659 3569 791 3633 habebit
809 3589 893 3651 opes.
