2414 3946
323 221 371 267 on
393 221 456 280 orn
479 222 612 269 utram
635 221 710 270 car.
727 223 774 272 rx.
993 211 1034 275 15

60 367 203 440 quartum
224 362 339 439 signum
355 363 490 438 pervenit
510 369 539 422 et
554 363 651 423 media
672 363 730 423 duo
752 369 835 433 sunt,
861 363 939 425 videt
953 364 1034 428 κατὰ

58 443 284 522 τετράγωνον,
316 447 455 524 quoniam
481 444 557 507 linea
585 446 646 516 illa,
679 466 736 526 qua
765 449 844 509 visus
873 451 1031 526 pertendit,

59 538 200 609 quartam
222 537 338 609 partem
360 529 442 590 orbis
463 530 595 592 abscidit.
628 550 694 592 cum
710 534 739 592 in
756 533 857 610 quinto
874 541 972 596 autem
989 541 1032 595 est
1051 545 1067 594 9

56 615 159 678 tribus
184 613 427 676 interiacentibus
453 613 574 686 mediis,
612 615 693 680 κατὰ
718 615 879 695 τρίγωνον
913 619 1030 696 aspicit:

20 710 130 762 onam
158 700 275 760 tertiam
302 699 434 776 signiferi
460 707 575 779 partem
601 703 680 762 visus
705 701 755 762 ille
780 705 910 763 metitur.
956 720 1032 782 quae

58 786 138 846 duae
158 785 287 845 visiones
307 785 455 862 tetragoni
482 791 512 844 et
533 786 642 863 trigoni
664 804 809 866 perquam
831 787 965 848 efficaces
986 789 1031 846 in·

58 877 250 930 crementum
269 875 371 948 partus
388 867 513 929 multum
536 869 755 931 adminiculant.
786 879 918 932 ceterum
935 891 950 933 a
966 870 1032 932 loco
1051 882 1083 931 to

57 960 146 1014 sexto
169 961 346 1032 conspectus
367 955 447 1012 ouini
468 961 551 1015 earet
572 955 743 1016 efficientia:
768 957 830 1016 eius
853 958 932 1017 enim
953 955 1032 1016 linea

57 1038 173 1100 nullius
193 1037 334 1117 polygoni
354 1038 444 1098 elficit
463 1037 548 1099 latus.
593 1045 622 1100 at
643 1059 658 1100 a
678 1041 804 1118 septimo
825 1041 924 1110 nodio,
952 1040 1031 1120 quod

2 1132 36 1183 10
56 1132 106 1185 est
122 1125 321 1194 contrarium,
343 1120 531 1200 plenissimus
551 1125 833 1202 potentissimusque
853 1133 1032 1201 conspectus

56 1208 206 1289 quosdam
227 1209 285 1268 iam
301 1214 434 1267 maturos
448 1206 577 1268 tutantes
592 1209 705 1279 educit,
727 1211 776 1288 qui
791 1216 1032 1288 septemmestres

56 1292 264 1371 appellantur,
289 1293 358 1372 quia
378 1293 504 1370 septimo
527 1310 630 1354 mense
651 1301 825 1354 nascuntur.
870 1295 939 1354 atsi
955 1294 1031 1352 intra
1051 1305 1081 1352 11

54 1379 118 1439 hoc
148 1379 275 1455 spatium
306 1383 506 1436 maturescere
536 1384 639 1438 uterus
668 1395 727 1437 non
753 1380 896 1456 potuerit,
929 1384 1031 1437 octavo

55 1479 165 1524 mense
186 1479 246 1522 nou
269 1461 365 1522 editur
393 1461 438 1539 (ab
461 1468 565 1521 octavo
590 1463 666 1522 enim
689 1464 774 1540 signo
796 1470 829 1522 ut
850 1467 964 1522 asexto
985 1463 1030 1521 iu·

0 1557 32 1606 ¹5
54 1548 166 1610 efficax
189 1544 294 1624 visus),
318 1545 369 1606 sed
385 1543 430 1605 vel
446 1563 526 1607 nono
542 1564 646 1607 mense
667 1545 713 1607 vel
730 1547 855 1607 decimo.
886 1545 931 1606 sol
953 1547 1029 1606 enim
1050 1557 1081 1604 12

53 1651 71 1693 a
97 1649 180 1692 nono
206 1631 292 1692 nodio
312 1628 487 1707 particulam
517 1630 719 1708 conceptionis
740 1649 859 1692 rursum
888 1633 1032 1710 conspicit

50 1716 139 1780 κατὰ
154 1713 314 1794 τρίγωνον
337 1721 365 1775 et
386 1731 402 1774 a
418 1715 534 1786 decimo
554 1714 633 1777 κατὰ
648 1714 870 1793 τετράγωνον;
895 1717 945 1792 qui
961 1733 1031 1776 con·

51 1809 196 1881 spectus,
213 1807 246 1861 ut
261 1817 350 1877 supra
365 1801 423 1860 iam
439 1800 551 1860 dictum
568 1809 628 1869 est,
644 1819 788 1880 perquam
803 1807 872 1860 sunt
888 1800 1030 1861 efficaces.

50 1893 192 1947 ceterum
215 1884 373 1945 undecimo
394 1901 454 1944 non
474 1890 579 1962 putant
600 1885 695 1955 nasci,
724 1886 792 1962 quia
812 1883 952 1962 languido
971 1885 1030 1943 iam
1051 1895 1082 1944 13

0 1982 31 2031 to
51 1971 146 2032 radio
170 1969 320 2029 infirmum
344 1967 447 2029 lumen
468 1967 548 2031 κατὰ
569 1966 736 2042 ἑξάγωνον
758 1969 907 2036 mutatum
937 1967 1030 2027 multo

49 2058 159 2118 minus
179 2054 370 2120 duodecimo,
400 2051 480 2112 unde
502 2059 679 2131 conspectus
707 2072 762 2132 pro
791 2050 872 2112 nullo
893 2051 1028 2112 habetur.

48 2146 161 2218 itaque
190 2137 353 2201 secundum
383 2137 461 2198 hauc
491 2139 634 2198 rationem
664 2135 840 2214 ἑπτάμηνοι
867 2144 1030 2197 nascuntur

48 2224 140 2290 κατὰ
156 2221 341 2300 διάμετρον,
364 2219 556 2298 ἑννεάμηνοι
571 2228 670 2282 autem
685 2221 766 2285 κατὰ
780 2219 957 2298 τρίγωνον,
979 2223 1030 2282 δε·

48 2309 197 2388 κάμηνοι
212 2324 283 2368 vero
299 2305 378 2369 κατὰ
393 2304 611 2384 τετράγωνον.

0 2405 28 2454 ’5
123 2393 188 2455 Hac
204 2391 418 2454 Chaldaeorum
440 2393 585 2472 sententia
601 2388 744 2468 explicata
762 2398 882 2452 transeo
903 2390 939 2450 ad
961 2392 1024 2468 opi·
1060 2394 1079 2453 9

48 2483 181 2542 nionem
196 2476 423 2556 pythagoricam
443 2475 568 2535 Varroni
583 2482 737 2536 tractatam
759 2476 789 2535 in
810 2474 887 2536 libro
908 2476 957 2554 qui
980 2493 1029 2534 vo-

50 2572 144 2628 catur
168 2561 288 2622 Tubero
309 2567 339 2620 et
358 2561 439 2620 intus
458 2558 656 2620 subscribitur
681 2559 718 2620 de
744 2561 859 2638 origine
885 2559 1028 2628 bumana;

49 2667 136 2730 quae
152 2647 273 2726 quidem
287 2645 362 2705 ratio
378 2644 538 2722 praecipue
553 2644 724 2721 recipienda
740 2645 775 2705 ad
791 2647 943 2705 veritatem
959 2662 1029 2723 pro·
1048 2655 1063 2702 2

128 2937 152 2984 2.
178 2927 325 2999 quoniam]
351 2933 394 2998 piu·
416 2929 440 2979 D
511 2929 535 2984 6,
559 2927 734 2994 τετράγωνοι
757 2934 785 2981 et
802 2927 937 2994 τρίγωνοι
958 2933 1030 2997 volpe

47 3061 74 3110 9.
99 3067 223 3106 errectr
241 3051 297 3101 DV
346 3012 434 3101 necue
451 3061 728 3114 narasurtsseprrmo
750 3050 775 3098 D
792 3051 852 3099 etd
926 3050 966 3098 11.
987 3064 1029 3098 se·

46 3129 133 3192 ptem
152 3124 289 3172 menstres
311 3119 335 3168 V
405 3120 445 3169 14.
466 3120 566 3168 octavo
585 3117 639 3176 dV,
659 3118 802 3168 ocraeoD
872 3118 913 3168 li.
931 3129 1031 3166 ruentu-

47 3207 110 3244 roou
131 3191 158 3240 D
229 3186 457 3241 rsrronmuouD
527 3187 568 3238 20.
592 3197 664 3234 κατα
682 3185 831 3238 eiurwuou
850 3182 1030 3249 (superere-

47 3312 208 3365 centiooima
224 3324 256 3357 m.
274 3309 335 3360 add.
349 3305 371 3370 ‘)
391 3308 431 3370 D,
450 3266 651 3356 recoloratum
674 3303 702 3354 V
717 3303 741 3365 (ε
760 3305 822 3356 add.
842 3306 856 3352 1
874 3299 916 3366 m.)
986 3303 1028 3353 22.

48 3389 230 3433 enramnnot
251 3376 308 3425 DV
374 3377 417 3426 23.
441 3371 676 3424 scrobiumnrrou
703 3371 728 3420 V
796 3382 986 3422 consonantior
1003 3369 1030 3418 D

47 3456 245 3500 rernamnuot
272 3458 344 3494 uero
367 3444 392 3492 D
462 3443 503 3494 25.
528 3439 716 3492 chunbeonum
738 3438 794 3488 DV
860 3439 901 3488 27.
930 3437 1031 3488 scribi-

46 3525 99 3568 tur
123 3515 152 3565 V
220 3513 262 3563 28.
282 3523 427 3577 proxumae
446 3511 471 3560 D
