2460 3940
467 237 677 286 PRAEFATIO·
1004 239 1057 286 VII

76 397 161 440 nam
188 373 431 440 incurrentibus
461 382 559 438 antee
586 374 743 458 scriptum
765 373 824 455 sit,
861 395 927 440 non
948 375 1057 460 potuit

76 484 179 572 quasi
200 484 308 548 maius
337 481 495 570 quiddam
518 481 715 566 subiungere
738 481 937 549 Censorinus
967 493 1056 564 atque

77 599 127 658 ed
155 599 254 659 decies
280 603 414 674 septenos
441 611 536 657 annos
565 591 694 677 (uitam)
725 612 813 673 posse
839 631 881 641 -
901 597 1053 673 proferri.

81 705 188 769 Immo
216 703 320 769 verba
349 723 426 782 quae
453 707 512 768 duo
539 703 669 767 initium
697 702 846 770 fecerunt
873 706 1055 770 sententiae

76 815 222 880 alicuius
243 834 331 878 nunc
353 821 538 894 truncatae,
562 835 627 899 qua
649 815 790 899 scriptor
811 815 952 902 primum
975 814 1054 880 Sta·
1119 879 1121 884 ,

76 945 159 988 sene
181 932 213 988 et
233 923 447 988 Etruscorum
468 921 591 1009 placita
613 922 654 988 de
677 921 847 988 duodecim
870 923 1056 990 hebdoma-

76 1035 162 1098 dum
185 1033 291 1119 spatio
313 1033 459 1098 breviter
482 1031 729 1120 comprehendit
751 1043 784 1100 et
806 1033 919 1099 dehis
942 1035 1053 1102 nescio

76 1143 164 1231 quid
186 1142 316 1224 adiecit,
339 1151 409 1207 tum
431 1141 529 1208 aliam
551 1143 716 1229 quandam
738 1143 924 1231 opinionem
945 1154 1055 1230 protu-

79 1254 135 1336 lit,
160 1275 203 1318 ex
225 1273 290 1339 qua
311 1252 446 1353 brevius
469 1253 568 1318 etiam
584 1253 726 1338 spatium
749 1253 985 1319 concederetur
1006 1256 1055 1319 vi-

79 1373 136 1428 tae
165 1363 344 1446 humanam
383 1372 495 1428 tamen
522 1367 654 1428 homines
681 1374 807 1428 aeurtem
834 1384 919 1429 suum
954 1364 1054 1448 (haec

76 1473 170 1537 enim
191 1472 262 1537 fere
284 1481 432 1538 extrema
453 1474 487 1537 in
509 1472 627 1538 lacuna
648 1473 863 1560 exciderunt)
892 1478 937 1537 ad
957 1478 1055 1538 decies

77 1591 217 1664 septenos
243 1602 338 1647 annos
362 1603 451 1662 posse
477 1619 520 1632 -
544 1585 699 1663 proferre.
743 1584 920 1650 Praeterea
949 1585 1055 1652 obiter

76 1713 299 1760 commemoro
320 1695 355 1758 in
370 1692 458 1758 Livii
477 1691 549 1758 loco
572 1715 667 1780 quem
683 1691 882 1759 Censorinus
898 1711 1055 1782 cavan

80 1803 195 1886 affert,
221 1805 250 1868 si
266 1804 327 1870 sub
344 1803 441 1868 finem
465 1801 510 1889 (p.
526 1803 578 1885 33,
596 1802 629 1888 8)
654 1812 728 1888 post
749 1809 865 1868 soeculi
885 1803 1052 1870 addideris

77 1917 202 1978 ,modum
226 1911 313 1998 (coll.
329 1936 361 2000 p.
375 1913 428 1994 32,
447 1913 497 1978 19.
521 1911 638 1995 321),
661 1913 747 1977 hanc
769 1913 950 1978 orationem
972 1913 1053 1979 obli-

76 2044 181 2111 quam
203 2043 270 2087 non
292 2022 433 2088 alienam
448 2022 555 2088 videri
578 2021 746 2108 areliquis
767 2044 850 2109 quae
872 2022 1053 2088 intercide-

77 2135 160 2198 rint.
207 2131 308 2198 Ouius
329 2132 395 2197 loci
418 2131 632 2198 similitudine
656 2132 753 2218 paulo
777 2141 852 2219 post
877 2131 924 2219 (p.
940 2133 997 2215 35,
1016 2133 1051 2219 2)

76 2243 193 2309 nescio
215 2264 258 2306 an
281 2242 492 2308 scribendum
515 2242 560 2307 sit
580 2249 608 2306 st
621 2247 687 2322 quis
702 2247 800 2308 credit
813 2247 895 2308 ludis
915 2251 1052 2309 saecule-

77 2359 166 2419 aare
183 2359 312 2440 ,saecula
333 2359 542 2417 terminari.

92 2549 99 2560 Ι
147 2462 354 2529 Contrariam
381 2461 526 2529 hiatibus
555 2462 737 2548 scripturae
764 2461 887 2545 labem,
924 2463 1055 2549 glosse—

79 2583 172 2638 mata
194 2573 267 2638 dico
291 2573 333 2638 ab
355 2571 646 2658 interpolatoribus
668 2573 843 2658 inculcata,
866 2575 924 2640 vix
945 2574 1053 2638 minus

79 2705 182 2770 saepe
203 2691 318 2748 notare
339 2681 447 2756 debui,
472 2704 510 2747 ac
532 2682 726 2768 saepissime
748 2683 881 2769 quidem
901 2685 936 2748 in
958 2685 1056 2768 frag-

80 2801 203 2858 mento.
247 2793 294 2858 Ut
308 2813 341 2879 p.
357 2793 409 2875 57,
427 2791 468 2857 10
489 2794 591 2859 verba
613 2803 643 2858 et
656 2800 766 2874 poploe
787 2797 922 2871 enoforo
944 2775 1055 2858 dicon-

75 2916 133 2968 tur
158 2910 316 2968 nontam
339 2911 511 2989 propterea
540 2902 674 2986 seclusi,
712 2902 801 2988 quod
822 2901 969 2986 intellegi
991 2923 1055 2966 ne-

76 3014 229 3100 quirent,
267 3011 326 3076 sed
359 3013 437 3098 quia
469 2995 561 3077 illum
589 3015 645 3098 qui
677 3033 717 3078 ee
744 3011 877 3099 scripsit
908 3009 1054 3077 voluisse

78 3132 234 3210 putarem
255 3133 284 3186 et
298 3129 413 3203 populo
434 3127 613 3202 oenophora
635 3128 792 3205 dicuntur,
816 3121 975 3188 eiusmodi
998 3143 1053 3186 au·

78 3243 149 3298 tem
183 3233 268 3297 mira
294 3233 457 3298 sententia
483 3254 550 3298 non
577 3232 752 3300 tribuenda
785 3255 857 3297 esse
885 3230 1054 3297 videretur

78 3343 146 3430 ipsi
168 3339 376 3427 compilatori
390 3342 577 3428 fragmenti.
615 3342 682 3408 Sed
704 3343 850 3408 notanda
872 3349 976 3406 estet
998 3363 1054 3426 ap-

78 3452 216 3539 pellatio
244 3473 329 3539 quae
350 3453 413 3518 hoc
439 3451 510 3520 loco
533 3453 635 3538 signis
663 3451 790 3520 zodiaci
818 3451 999 3538 imponitur
1021 3459 1055 3515 et
