2424 3938
150 206 196 270 40
480 206 639 262 DARETlS
657 206 809 262 PHnYGn

153 351 297 416 Achilles
320 355 356 416 ut
378 351 532 436 respexit,
555 351 713 416 substitit:
736 357 847 417 curato
870 355 1002 419 vulnere
1028 359 1062 419 et
1084 356 1138 420 eli-

153 440 306 526 quamdiu
329 440 504 524 proeliatus
526 439 733 504 Memnonem
755 441 866 514 multis
893 442 1000 528 plagis
1024 445 1139 508 occidit

152 534 186 594 et
215 529 284 614 ipsc
314 529 500 594 vulneratus
524 529 565 594 ab
588 550 626 594 eo
657 550 696 593 ex
718 530 841 612 proelio
864 532 1007 596 recessit.
1053 537 1138 616 post

153 639 250 704 quam
277 617 449 682 Persarum
466 617 590 684 ductor
616 618 740 684 occisus
763 623 826 702 est,
853 618 969 704 reliqui
991 620 1028 684 in
1052 623 1138 704 oppi-

124 705 230 771 sdum
257 706 485 791 confugerunt,
512 710 624 790 portas
647 707 839 772 clauserunt.
884 728 950 772 nox
982 709 1139 792 proelium

152 794 282 860 dirimit.
331 799 461 880 postera
488 795 538 859 die
567 818 586 859 a
612 793 742 862 Priamo
771 796 871 880 legati
900 796 943 862 ad
964 796 1138 882 Agamem·

151 905 271 948 nonem
294 883 385 948 missi
413 887 489 948 sunt
517 883 572 968 qui
595 882 718 948 dierum
736 883 799 950 XX
822 883 965 950 indutias
984 889 1138 970 peterent,

153 971 238 1057 quod
262 972 414 1037 continuo
433 971 660 1057 Agamemnon
677 973 832 1038 coneedit
867 971 1017 1040 Priamus
1042 975 1138 1060 igitur

153 1060 297 1126 Troilum
307 1059 756 1146 Memnonemquemagnifico
765 1061 1136 1129 fimerecffertrceteros·

111 1169 139 1210 ro
153 1169 215 1232 quc
237 1148 356 1212 milites
379 1148 507 1234 utrique
531 1149 731 1233 sepeliendos
756 1153 880 1215 curant.

240 1235 393 1302 XXXIV.
444 1235 579 1303 Hecuba
608 1242 744 1322 maesta,
774 1239 860 1324 quod
890 1237 954 1304 duo
982 1239 1044 1304 filii
1072 1241 1137 1304 eius

150 1325 320 1392 fortissimi
355 1324 477 1391 Hector
512 1329 545 1390 et
576 1326 703 1392 Troilus
740 1327 781 1392 ab
814 1325 941 1395 Achille
977 1328 1137 1392 interfecti

151 1419 272 1498 essent,
304 1414 474 1480 consilium
501 1415 657 1481 muliebre
683 1415 890 1482 temerarium
917 1415 994 1480 iniit
1021 1417 1065 1480 ad
1093 1417 1136 1480 ul-

151 1503 333 1570 ciscendum
356 1503 507 1568 dolorem.
543 1501 764 1569 Alexandrum
786 1504 888 1570 filium
911 1505 1048 1570 arcessit
1071 1509 1137 1570 orat

109 1590 311 1675 inhortatur,
342 1595 380 1656 ut
411 1613 445 1656 se
477 1595 510 1656 et
536 1592 653 1657 fratres
681 1613 756 1658 suos
785 1593 976 1676 vindicaret,
1004 1593 1136 1658 insidias

149 1677 270 1745 Achilli
292 1681 412 1744 faceret
433 1683 467 1744 et
488 1701 561 1744 eum
584 1702 644 1745 nec
667 1681 853 1765 opinantem
875 1681 1015 1766 occidat,
1039 1704 1134 1767 quon·
1193 1755 1194 1760 ἵ

148 1767 214 1832 iam
243 1768 283 1832 ad
311 1789 344 1832 se
372 1767 498 1834 miserit
525 1773 558 1832 ct
584 1769 760 1854 rogaverit,
791 1775 828 1835 ut
856 1769 917 1834 sibi
940 1769 1134 1855 Polyxenam

149 1856 241 1922 daret
262 1856 297 1921 in
320 1857 577 1921 matrimonium:
604 1879 638 1922 se
661 1858 702 1922 ad
725 1879 798 1922 eum
821 1859 995 1923 missuram
1018 1859 1134 1924 Priami
1193 1929 1194 1936 p

148 1945 268 2030 verbis,
291 1966 403 2029 pacem
424 1945 507 2010 inter
531 1967 565 2010 se
587 1945 763 2032 foedusque
785 1946 915 2012 firment
936 1948 1135 2012 constituant

107 2052 135 2092 ao
149 2033 184 2098 in
203 2034 279 2099 iano
303 2033 466 2117 Apollinis
488 2033 695 2118 Thymbraei,
719 2034 805 2119 quod
828 2040 877 2100 est
900 2039 976 2100 ante
996 2041 1133 2119 portam:

149 2143 187 2187 co
215 2121 375 2188 Achillem
401 2125 586 2206 venturum,
613 2123 856 2188 conlocutorem
883 2123 994 2208 ibique
1028 2146 1063 2189 se
1090 2124 1135 2188 illi

147 2403 187 2458 Ut
204 2402 327 2472 respexit
344 2419 409 2457 eum
426 2401 495 2456 Ach.
510 2400 570 2456 nidi
603 2419 638 2457 ue
657 2419 721 2457 eum
738 2403 844 2458 instare
863 2406 892 2458 et
909 2403 1014 2459 laetari
1031 2404 1136 2460 restitit

147 2478 329 2542 curatumque
352 2474 416 2542 post
439 2473 554 2528 uulnere
606 2473 752 2542 iquamdiu
774 2472 928 2543 proeliatus
951 2476 996 2529 est
1022 2474 1050 2530 G
1120 2481 1136 2528 3

146 2545 183 2599 ab
203 2561 237 2600 eo
254 2545 299 2600 bis
318 2560 352 2598 ex
371 2543 397 2598 G
417 2546 420 2611 Ι
441 2542 571 2598 rediitG
642 2551 660 2598 4
683 2543 739 2599 dux
764 2560 910 2614 persarum
929 2544 956 2598 G
970 2549 975 2611 Ι
990 2561 1135 2616 pergame·

145 2631 247 2670 norum
260 2631 357 2670 -exerc
380 2613 459 2668 fusus
482 2617 526 2670 est
548 2615 612 2669 add.
636 2614 663 2670 G
680 2619 745 2684 poet
767 2617 812 2669 est
887 2614 1064 2686 tingerunt
1090 2616 1116 2670 G

145 2687 243 2755 portas
257 2685 418 2740 clauserunt
431 2699 482 2739 om.
495 2685 522 2738 L
538 2687 542 2754 Ι
557 2703 599 2755 pr.
614 2704 639 2740 n.
656 2685 707 2740 dir.
717 2685 744 2738 L
793 2693 809 2740 6
824 2685 926 2741 clausis
935 2685 1026 2754 portis
1036 2688 1103 2742 add.

141 2762 207 2824 post
225 2755 333 2811 dirimit
406 2761 420 2810 7
440 2757 473 2810 ut
490 2755 547 2811 ind.
566 2755 700 2812 iacerent
719 2772 764 2826 ag.
784 2772 818 2810 ex
842 2756 959 2810 consilio
979 2758 1136 2812 sententiae

84 2867 86 2870 ι
145 2826 176 2882 in
190 2827 338 2883 diesXXX
351 2824 478 2881 inducias
492 2826 601 2882 iacitG
665 2827 783 2898 sigitur
792 2826 880 2882 onaG
929 2826 1134 2896 tqueomGl

144 2913 240 3024 libbi}
252 2897 479 3024 etffGriiiiiitodrb
499 2897 605 3036 ftinietid
620 2897 651 3022 (X
662 2899 902 3024 suuniouldtetique
924 2896 1134 3038 thdcldtenirul

145 3038 266 3095 arcessit
289 3039 315 3094 L
338 3023 360 3070 '⁴
392 3044 425 3093 15
448 3037 550 3094 fratres
573 3056 623 3095 oua.
646 3040 672 3094 G
692 3043 695 3109 Ι
716 3039 873 3094 uindicaret
904 3038 1134 3094 ulciscereturG

147 3117 180 3166 16
199 3108 325 3166 iacerent
344 3109 369 3164 G
443 3114 475 3162 17
499 3111 616 3166 miserat
638 3114 668 3165 et
689 3112 840 3181 rogauerat
888 3109 985 3164 ¹corr.
1008 3127 1027 3165 a
1040 3112 1134 3178 primo

143 3198 231 3237 mona
247 3185 251 3249 l
267 3182 398 3251 polirone
416 3179 446 3233 in
464 3180 676 3236 matrimonium
694 3181 808 3235 daretur
827 3180 853 3236 G
926 3186 959 3235 18
978 3196 1007 3235 se
1023 3180 1073 3251 ad]
1088 3179 1133 3234 sed

145 3252 172 3306 G
188 3255 192 3319 Ι
208 3268 270 3307 eam
290 3252 316 3307 G
389 3257 421 3305 19
440 3249 564 3323 firment]
586 3252 712 3307 iacerent
730 3251 757 3306 G
776 3256 780 3320 Ι
801 3250 983 3306 Constituunt
1001 3249 1029 3305 G
1100 3256 1134 3303 20

144 3321 243 3374 fanum
256 3323 282 3374 L
299 3333 302 3389 t
318 3320 423 3390 tyberii
437 3319 463 3373 G
526 3329 559 3377 21
575 3323 620 3393 eo]
636 3326 665 3377 et
679 3322 706 3377 G
721 3325 725 3391 Ι
741 3323 976 3392 conloquaturum
991 3321 1019 3375 L
1050 3320 1132 3377 collo

82 3472 84 3477 ·
146 3441 275 3494 caturam
294 3443 320 3496 G
336 3448 339 3511 1
356 3401 501 3506 ibiqqesibi
519 3445 570 3498 ins.
592 3445 730 3500 collocare
749 3445 777 3498 L
814 3443 868 3500 sibi
886 3444 937 3511 ins.
957 3444 984 3499 ei
1002 3441 1131 3500 collocari

148 3522 188 3586 G,
211 3531 333 3580 nostrum
350 3544 363 3582 e
381 3513 543 3585 othlonum.
