2424 3938
457 195 708 249 1111111110.
1007 217 1078 264 XLV

85 340 217 424 scripsit
244 339 346 403 Dares
380 343 509 404 centum
539 340 774 424 quinquaginta
802 340 905 404 millia
935 342 1079 427 equitum

85 450 125 493 eo
149 429 199 492 die
223 431 366 511 exparte
380 427 592 492 Troianorum
607 429 647 492 ad
661 429 819 511 proelium
832 433 909 492 sunt
931 430 1080 514 egressi<
1207 511 1208 516 ἵ

83 517 185 581 Plane
208 517 294 581 idem
317 516 401 599 apud
424 516 634 580 Benedictum
657 539 685 580 r.
712 517 819 581 17044
841 517 1032 582 invenimus,

177 602 260 669 Sunt
281 609 392 668 tamen
415 605 512 668 etiam
535 605 590 668 alii
616 605 679 669 loci
705 605 870 688 permulti,
902 627 940 670 ex
961 607 1077 690 quibus

85 693 229 758 conicias
245 692 425 758 Guidonem
435 692 596 777 Daretem,
609 697 758 758 nostrum
771 695 904 778 iuquam
917 692 1078 777 Daretem‚

85 787 164 846 ante
198 783 307 846 oculos
339 781 500 846 habuisse.
553 781 645 858 Quod
678 804 741 866 quo
772 783 887 846 clarius
924 787 1078 866 appareat

84 871 268 954 complures
301 869 386 934 infra
413 871 608 952 adscribam,
640 871 717 934 dicit
751 871 851 934 euim:
891 870 954 955 „Ec
990 872 1075 957 quod

83 959 203 1044 frigius
223 959 314 1022 dares
327 958 430 1024 voluit
452 959 486 1022 in
508 958 570 1024 hoc
592 959 663 1023 loco
687 960 888 1044 quorundam
911 981 1078 1044 grecorum

84 1051 120 1110 et
147 1047 347 1112 troianorum
375 1048 552 1112 describere
581 1048 703 1112 colores
731 1051 764 1110 11
790 1048 910 1112 formas
939 1048 993 1133 qui
1017 1049 1077 1112 etsi
1207 1113 1208 1126 p

83 1157 156 1200 non
189 1136 332 1200 omnium
366 1136 474 1200 saltim
507 1136 685 1200 describere
717 1137 819 1200 voluit
854 1136 1078 1203 formosorum.
1150 1164 1153 1165 ⁷

84 1223 238 1290 Assumit
269 1225 355 1288 enim
386 1224 422 1288 in
453 1225 560 1288 codice
597 1225 646 1288 sui
679 1225 784 1308 operis
817 1245 932 1308 graeca
967 1226 1081 1309 lingua

84 1313 268 1396 composito
298 1333 408 1376 omnes
435 1313 508 1377 illos
538 1313 604 1376 suis
634 1313 733 1376 oculis
761 1313 947 1395 inspexisse.
992 1312 1078 1376 Nam

84 1401 217 1484 saepius
244 1401 330 1464 inter
356 1404 485 1485 treugas
514 1401 641 1465 habitas
666 1401 750 1464 inter
773 1401 929 1464 exercitus
952 1402 1021 1484 ipse
1045 1423 1078 1464 se

85 1489 130 1553 ad
175 1487 370 1554 Graecorum
413 1490 561 1554 tentoria·
589 1488 787 1572 conferebat,
830 1489 1081 1574 uniuscuiusque

84 1578 220 1642 maioris
243 1577 381 1642 formam
404 1578 562 1660 aspiciens
586 1580 619 1641 et
632 1579 863 1662 contemplans,
876 1581 923 1640 'ut
936 1578 1081 1662 ipsorum

84 1667 123 1730 in
147 1687 206 1729 suo
230 1688 324 1749 opere
349 1665 443 1730 sciret
466 1666 645 1731 describere
669 1665 860 1751 qualitates“
883 1665 945 1748 (De
969 1665 1079 1731 Grecis
1207 1677 1208 1680 ’

84 1754 317 1818 inchoantibus
339 1755 421 1818 inire
444 1753 600 1838 consilia).
624 1753 730 1820 Facile
743 1755 954 1838 intelligimus
969 1755 1080 1819 obver-

85 1845 197 1906 satum
234 1865 303 1906 esse
338 1841 478 1906 (luidoni
516 1844 645 1907 initium
677 1844 791 1926 capitis
823 1841 886 1905 XII
917 1865 947 1925 p.
977 1844 1026 1925 14,
1060 1845 1079 1906 9

83 1929 211 2014 „Dares
238 1929 313 1994 Phr.
341 1933 396 2016 qui
422 1931 506 1996 hanc
529 1931 698 1996 historiam
722 1931 849 2014 scripsit
873 1931 918 1993 ait
942 1952 975 1994 se
998 1932 1081 1994 111111-

84 2025 178 2084 tasse
199 2041 299 2104 usque
319 2021 394 2083 dum
409 2018 505 2084 Troia
524 2024 619 2102 capta
641 2024 699 2102 est,
721 2019 782 2082 hos
806 2041 839 2082 se
862 2018 990 2100 vidisse,
1005 2041 1079 2083 cum

83 2105 234 2172 indutiae
262 2107 388 2172 essent‘
417 2145 459 2153 -
486 2107 554 2192 „De
581 2108 644 2172 illis
673 2111 779 2172 autem
808 2108 862 2191 qui
889 2106 1020 2170 luerunt
1046 2107 1084 2170 111

84 2196 188 2260 Troia
218 2195 303 2259 idem
332 2197 425 2261 dares
454 2197 575 2262 formas
606 2218 664 2260 suo
696 2196 770 2260 stilo
801 2194 988 2278 descripsit“
1017 2193 1083 2278 (De

83 2286 196 2349 forma
218 2287 250 2347 et
273 2288 396 2348 statura
419 2283 644 2372 Troianorum)
669 2289 702 2354 et
722 2285 830 2368 paullo
854 2286 929 2367 post
941 2282 1008 2366 „De
1030 2285 1081 2347 his

84 2377 199 2437 autem
223 2373 251 2437 d.
274 2373 312 2437 fr.
335 2374 437 2438 voluit
459 2374 580 2439 formas
605 2377 637 2437 et
659 2376 780 2438 colores
804 2371 1007 2437 describeret
1043 2372 1083 2435 ln

83 2461 277 2525 universum
286 2464 396 2526 tamen
403 2461 456 2526 hic
466 2484 591 2548 quoque
600 2460 810 2527 Benedictum
819 2462 926 2546 potius
938 2463 1082 2526 secutum

83 2571 161 2614 esse
189 2550 376 2614 crediderim
406 2551 461 2635 qui
488 2555 520 2614 11
546 2553 615 2635 ipse
639 2555 688 2615 ter
716 2551 754 2614 de
782 2550 843 2615 hac
872 2572 905 2614 re
929 2547 970 2636 (v.
995 2549 1081 2614 5073

84 2638 179 2702 5271
211 2637 312 2721 5561)
341 2642 374 2702 11
400 2640 496 2722 plane
524 2640 621 2704 simili
649 2641 744 2704 modo
772 2640 924 2722 loquitur.
973 2637 1096 2720 Etiam·

83 2729 124 2790 in
149 2727 374 2791 enumerandis
398 2729 533 2812 singulis
557 2727 766 2812 Benedictum
793 2728 937 2790 imitatus
965 2727 1083 2792 rectius

85 2836 169 2880 sane
203 2818 278 2898 post
310 2813 468 2880 Helenam
501 2817 639 2882 Graecos
677 2814 843 2896 describit,
881 2813 966 2896 apud
996 2813 1084 2876 hunc

84 2925 218 2988 quoque
246 2902 406 2967 Meriones
434 2905 572 2970 omissus
602 2904 652 2968 vel
679 2902 786 2986 potius
815 2902 882 2966 eius
911 2900 1083 2983 descriptio

83 2995 122 3056 111
137 2991 351 3056 Machaonem
365 2995 523 3058 translata
537 2997 594 3076 est,
609 2993 744 3076 denique
759 2991 843 3073 apud
857 2989 943 3053 hunc
957 3009 1084 3072 quoque

83 3080 284 3164 Polydamas
307 3080 540 3167 Persarumque
562 3104 618 3146 rex
641 3079 796 3144 Memnon
819 3078 918 3143 additi
943 3080 1026 3141 sunt.
1041 3113 1083 3122 ——

82 3169 173 3254 „Sed
206 3169 244 3232 fr.
282 3169 311 3233 d.
348 3169 387 3233 de
422 3170 473 3234 his
509 3169 591 3244 nibil
618 3170 653 3234 in
687 3190 745 3234 suo
783 3188 877 3251 opere
915 3165 1084 3247 descripsit

84 3257 280 3342 simpliciter
293 3279 418 3341 ponens
433 3259 581 3324 achillem
600 3261 632 3322 11
644 3257 833 3340 thelephum
848 3255 932 3338 apud
946 3275 1085 3318 messam

83 3347 199 3432 gratia
223 3346 478 3430 quaerendorum
501 3345 687 3413 victualium
712 3345 878 3410 advenisse
902 3341 966 3428 (De
980 3342 1083 3428 grecis

81 3435 295 3501 mittentibus
310 3435 458 3500 achillem
473 3441 505 3500 et
522 3432 727 3520 thelaphum)
750 3434 788 3498 cf.
812 3433 915 3499 Dares
929 3455 960 3516 p.
975 3431 1026 3514 20,
1041 3431 1082 3493 27

78 3526 292 3613 „mittuntur
334 3523 476 3589 Achilles
520 3529 552 3602 et
588 3524 748 3607 Telephus
788 3523 828 3586 ad
868 3518 1098 3605 praedandam.
