2414 3946
178 210 220 275 36
403 224 452 271 ou
474 223 536 270 nrn
559 222 691 271 ueram
713 221 788 272 car.
812 225 911 272 xvm.

179 366 214 425 iis
236 371 353 424 centum
375 363 504 442 dragmis
531 361 664 440 abusque
691 379 769 422 auno
791 363 1061 442 quinquagensimo
1085 365 1154 423 item

180 447 325 509 decedere
351 449 460 507 inuno
486 465 604 526 quoque
625 446 724 512 binas:
760 465 795 506 ex
819 465 877 526 quo
898 448 1100 524 perspicuum
1121 449 1153 508 sit

180 535 361 594 centensimo
377 549 454 593 anno
472 530 572 592 redire
587 529 622 590 ad
640 531 708 590 anni
724 532 811 609 primi
826 529 943 609 pondus
958 549 1017 591 nec
1035 530 1154 611 longius

183 619 271 678 vitam
287 635 374 697 posse
390 615 566 696 producere.

130 713 162 763 15
244 701 389 772 Quoniam
415 701 503 778 igitur
525 698 608 759 civile
630 698 835 759 Romanorum
857 698 1008 760 saeculum
1034 709 1183 762 centumt

180 789 266 847 anuis
281 785 468 860 transigitur,
484 785 562 844 scire
577 782 647 843 licet
662 784 692 842 in
709 784 824 844 decimo
840 783 959 844 saeculo
976 792 1006 845 et
1021 787 1155 862 primum

180 869 308 932 natalem
325 879 407 931 tuum
428 868 519 928 luisse
536 877 565 928 et
579 867 756 928 hodiernum
772 886 846 928 esse.
884 876 956 946 quot
971 877 1075 930 autem
1093 890 1155 931 sae-

181 954 246 1016 cula
267 953 334 1014 urbi
355 953 466 1013 Romae
488 951 667 1022 debeantur,
692 951 792 1013 dicere
813 971 911 1012 meum
933 971 994 1012 non
1017 963 1081 1014 est:
1106 955 1155 1015 sed

181 1037 251 1118 quid
272 1038 350 1118 apud
366 1037 527 1098 Varronem
548 1035 671 1115 legerim
687 1053 747 1096 non
764 1036 883 1105 tacebo,
905 1039 955 1116 qui
977 1036 1059 1100 libro
1081 1040 1156 1100 anti·

181 1125 326 1202 quitatum
354 1119 611 1182 duodevicensimo
639 1121 679 1180 ait
705 1120 795 1182 luisse
821 1123 955 1182 Vettium
982 1123 1102 1186 Romae
1126 1126 1155 1182 in
1172 1134 1196 1182 lo

181 1208 306 1286 augurio
327 1224 387 1266 non
408 1204 583 1282 ignobilem,
605 1206 723 1283 ingenio
744 1223 866 1284 magno,
896 1208 989 1266 cuivis
1011 1208 1106 1269 docto
1126 1211 1156 1268 in

181 1291 371 1371 disceptando
388 1307 505 1369 parem:
530 1307 598 1350 eum
614 1309 646 1350 se
662 1289 778 1351 audisse
794 1290 956 1360 dicentem,
976 1292 1000 1350 si
1017 1294 1062 1353 ita
1079 1302 1155 1354 esset

140 1389 143 1395 ’
182 1385 213 1437 ut
234 1376 388 1438 traderent
409 1375 540 1435 historici
560 1375 596 1435 de
618 1373 737 1434 Romuli
759 1373 843 1434 urbis
864 1375 1041 1437 condendae
1064 1397 1155 1456 augu-

181 1463 233 1521 riis
251 1479 285 1521 ac
300 1475 351 1520 ΧΗ
367 1459 505 1528 vulturis,
532 1459 670 1538 quoniam
688 1471 758 1518 cxx
774 1477 867 1519 annos
888 1459 1051 1521 incolumis
1068 1481 1156 1541 prae-

181 1547 301 1606 terisset
321 1543 450 1624 populus
464 1542 628 1613 RomanuS,
651 1543 686 1603 ad
709 1542 788 1604 mille
810 1551 839 1604 et
860 1545 1004 1606 ducentos
1026 1554 1197 1625 perron-15

181 1636 291 1690 turum.

129 1715 165 1778 18
246 1713 394 1773 Hactenus
416 1712 527 1772 dictum
549 1712 585 1773 de
605 1710 737 1772 saeculo:
765 1731 845 1772 nunc
867 1713 904 1772 de
925 1716 1011 1774 annis
1033 1717 1158 1776 maiori·

181 1797 239 1859 bus
254 1798 365 1864 dicam,
388 1815 515 1877 quorum
531 1797 702 1876 magnitudo
719 1796 792 1857 adeo
808 1796 922 1858 diversa
936 1804 998 1858 tarn
1014 1799 1158 1877 gentibus

183 1881 337 1944 observata
363 1899 452 1961 quam
478 1879 651 1943 auctoribus
677 1881 782 1942 tradita
809 1888 867 1950 est,
905 1889 938 1942 ut
963 1881 1013 1942 alii
1042 1903 1159 1945 anuum

181 1985 322 2046 magnum
344 1983 410 2028 esse
430 1967 462 2026 in
483 1967 566 2026 aunis
587 1964 769 2026 vertentibus
790 1965 919 2036 duobus,
942 1965 991 2026 alii
1006 1968 1038 2026 in
1055 1968 1159 2030 multis
1175 1979 1199 2028 au

181 2052 301 2113 milibus
317 2069 463 2114 annorum
486 2050 619 2112 arbitrati
635 2051 703 2110 sint.
735 2050 812 2129 quod
828 2049 914 2130 quale
930 2053 981 2120 sit,
1005 2052 1068 2112 iam
1085 2053 1158 2114 binc

148 2147 164 2196 2
182 2137 313 2198 conabor
329 2135 491 2197 absolvere.
514 2142 630 2196 veteres
645 2137 675 2196 iu
688 2134 809 2194 Graecia
826 2135 956 2196 civitates
972 2153 1042 2196 cum
1060 2139 1159 2199 anim·

182 2223 383 2289 adverterent,
406 2220 476 2280 dum
496 2219 539 2280 sol
555 2237 652 2280 annuo
673 2237 762 2280 cursu
778 2218 882 2280 orbem
900 2237 985 2280 suum
1004 2222 1158 2293 circumit,

181 2304 283 2365 lunam
318 2322 423 2364 novam
457 2304 605 2365 interdum
636 2304 774 2364 tridecies
803 2305 914 2365 exoriri
942 2305 1033 2384 idque
1065 2324 1159 2386 saepe

182 2388 303 2450 alternis
323 2389 401 2457 lieri,
425 2387 559 2450 arbitrati
580 2396 648 2449 sunt
667 2387 787 2450 lunares
808 2388 963 2450 duodecim
981 2407 1105 2452 menses
1130 2399 1160 2452 et
1175 2398 1199 2449 25

183 2474 364 2534 dimidiatum
381 2472 417 2533 ad
433 2491 544 2533 annum
560 2472 723 2533 naturalem
740 2475 906 2534 convenire.
940 2475 1042 2552 itaque
1059 2493 1160 2538 annos

183 2557 282 2619 civiles
308 2559 350 2618 sic
371 2564 552 2626 statuerunt,
576 2565 609 2617 ut
634 2555 835 2618 intercalando
862 2559 995 2620 lacerent
1021 2559 1160 2622 alternos

183 2642 340 2704 duodecim
360 2660 510 2712 mensum,
532 2639 661 2702 alternos
683 2641 842 2712 tredecim,
863 2649 1024 2722 utrumque
1040 2661 1158 2707 anuum

184 2728 343 2804 separatim
368 2733 544 2796 vertentem,
569 2725 687 2787 iunctos
707 2725 795 2786 ambo
816 2744 927 2787 annum
942 2745 1089 2806 magnum
1105 2748 1159 2789 vo-

183 2820 292 2873 cantes.
324 2810 412 2889 idque
433 2811 550 2890 te'mpus
564 2809 715 2871 trieterida
736 2809 938 2890 appellabant,
961 2811 1039 2890 quod
1064 2816 1160 2874 tertio
1175 2823 1200 2874 3⁰

182 2915 299 2976 quoque
321 2913 398 2956 anno
419 2893 666 2965 intercalabatur,
689 2897 822 2973 quamvis
838 2895 949 2957 biennii
964 2897 1111 2960 circuitus
1130 2906 1159 2960 et

251 3100 274 3146 1.
298 3097 341 3148 his
368 3099 396 3147 V
460 3099 585 3162 abusque
606 3098 796 3159 decimanona,
821 3096 885 3164 adq,
906 3101 944 3161 D,
974 3100 1031 3164 atq3
1062 3101 1094 3148 V

181 3165 412 3232 quinquagesimo
434 3165 461 3213 V
525 3169 549 3218 3.
570 3166 721 3224 centesimo
744 3167 768 3215 V
835 3167 859 3216 7.
879 3165 948 3230 qnod
966 3167 991 3215 D
1062 3168 1090 3222 8.
1109 3184 1160 3218 un·

181 3249 224 3285 aas
244 3235 268 3282 D
338 3235 378 3284 10.
403 3231 625 3284 duodeuicesimo
652 3235 678 3283 V
745 3234 785 3282 11.
809 3247 924 3299 nucomo
946 3234 971 3282 D
1040 3233 1159 3300 ignora-

180 3302 267 3352 bilem
289 3303 316 3351 V
382 3315 460 3350 cuaua
479 3301 544 3361 DV,
569 3301 628 3351 eins
651 3317 682 3350 m.
701 3317 755 3351 ree.
775 3304 802 3352 tn
823 3303 895 3351 Vin
913 3316 994 3366 mara.
1068 3302 1159 3355 docco

182 3371 219 3428 J),
250 3367 356 3416 doctori
378 3369 403 3416 V
423 3374 448 3417 et
466 3385 497 3417 nr.
515 3371 643 3419 recentior
659 3371 686 3418 io
704 3371 741 3432 D,
770 3368 887 3419 doctiori
905 3369 1088 3421 Lachmanmce

184 3435 224 3480 12.
244 3447 347 3482 esserra
365 3435 389 3481 I)
458 3437 498 3484 13.
522 3433 672 3486 tradebant
693 3437 720 3485 V
787 3438 826 3486 14.
850 3434 916 3502 cxx]
941 3452 976 3488 ex
992 3452 1011 3487 x
1030 3439 1093 3486 IlV

184 3499 225 3547 18.
244 3495 313 3562 tem]
334 3513 419 3548 errem
439 3503 494 3550 uV
559 3504 599 3552 24.
618 3503 755 3554 terdecies
772 3509 844 3568 culpo
