2424 3938
145 191 189 256 24
473 189 631 247 nnnnme
650 191 804 246 PHRYGII

145 337 254 421 itaque
277 355 389 400 omnes
412 335 442 400 ei
461 334 654 400 adsentiunt
686 335 832 400 consulte
850 335 1134 420 Agamemnonem

145 423 342 508 praeficiunt.
387 422 512 508 legatos
535 423 576 487 ad
594 422 732 508 Mysiam
756 423 932 508 ceterisque
954 423 1036 488 locis
1059 425 1132 488 mit-

144 516 233 596 tunt,
266 516 303 576 ut
329 511 481 576 exercitii
508 516 706 576 commeatus
739 511 977 595 subportandoe
1010 517 1135 596 curent,

148 598 1133 683 TbesidaaDemoptmutemetAcumantemetAnium:deinde

117 688 320 754 ecxcroitum
339 687 380 752 ad
402 688 589 753 concionem
616 692 772 753 convocat
798 688 975 752 conlaudat
993 689 1133 772 imperat

147 777 295 843 hortatur
313 780 424 840 monet
446 775 630 860 diligenter,
652 779 690 840 ut
712 776 797 841 dicto
821 776 1032 841 obaudientes
1051 777 1131 840 eint.

146 865 239 950 signo
263 864 338 930 dato
357 885 456 929 nares
477 864 620 950 solvunt,
641 867 712 929 tota
735 864 846 929 classis
860 865 901 929 ad
923 864 1131 929 lenitudinem

145 952 268 1018 accedit
290 952 331 1017 ad
353 951 468 1017 l'roiae
490 952 594 1016 litora.
638 951 770 1017 [troiani
792 953 919 1018 fortiter
941 953 1129 1018 defendunt.

145 1037 343 1105 Protesilaus
361 1040 396 1104 in
418 1045 537 1104 terrem
559 1041 778 1106 excursionem
800 1041 879 1106 facit
900 1041 995 1126 fugat
1017 1041 1130 1105 caedit.

105 1129 197 1204 naui
223 1127 345 1193 Hector
372 1127 500 1192 obviam
527 1129 616 1192 veuit
642 1133 675 1192 ct
701 1149 774 1192 eum
802 1129 976 1212 interiecit,
1006 1132 1132 1193 ceteros

144 1216 320 1300 perturbat.
366 1214 450 1280 unde
472 1215 594 1280 Hector
615 1216 796 1300 recedebat,
818 1217 864 1282 ibi
883 1217 1015 1282 Troiani
1037 1216 1131 1302 iuga-

144 1304 271 1369 bantur.
312 1308 484 1390 postquam
507 1323 626 1389 magna
648 1305 760 1370 caedes
784 1305 944 1390 utrimque
966 1305 1055 1369 facte
1072 1309 1133 1386 est,

144 1392 274 1456 advenit
293 1392 444 1457 Achilles.
477 1392 504 1456 is
523 1396 628 1456 totum
647 1393 820 1457 exercitum
838 1393 873 1456 in
891 1393 1004 1478 fugam
1023 1393 1132 1475 vertit,

144 1480 269 1566 redegit
292 1481 326 1544 in
345 1480 484 1546 Troiam.
520 1501 584 1547 nor
606 1481 764 1564 proelium
787 1481 917 1545 dirimit
954 1481 1129 1564 Agamem-

107 1587 133 1626 n
146 1589 213 1632 non
237 1569 410 1632 exercitum
436 1572 542 1632 totum
569 1569 605 1632 in
626 1573 746 1634 terram
769 1568 887 1652 educit,
905 1573 1022 1633 ‘castra
1044 1567 1131 1632 facit.

143 1659 274 1740 postera
301 1655 352 1720 die
379 1655 501 1720 Hector
528 1657 701 1721 exercitum
729 1677 768 1720 ex
794 1657 873 1724 urbe
896 1656 1004 1721 educit
1026 1661 1061 1721 et
1082 1657 1128 1719 in·

83 1824 84 1828 ¹
145 1743 249 1807 etmit
293 1744 519 1827 Agamemnon
542 1749 655 1809 contra
676 1745 815 1809 clamore
837 1763 957 1829 magno
982 1745 1131 1809 occurrit

143 1831 301 1915 proelium
325 1852 396 1896 acre
419 1831 670 1917 iracundumque
697 1831 747 1916 fit,
774 1831 969 1896 fortissimus
994 1832 1130 1916 quisque

143 1920 179 1982 in
201 1919 314 2002 primis
334 1919 427 1983 cadit.
460 1918 583 1984 Hector
603 1919 786 1985 Patroclum
805 1920 920 1984 occidit
938 1923 971 1984 et
990 1920 1132 2004 spoliare

103 2011 246 2090 aoparat.
291 2005 450 2072 Meriones
479 2027 551 2070 eum
579 2029 617 2072 ex
642 2008 721 2092 acie,
749 2029 789 2072 ue
813 2007 1042 2092 expoliaretur,
1071 2006 1132 2071 eri-

142 2095 223 2178 puit.
259 2093 380 2160 Hector
400 2093 577 2160 Merionem
595 2094 798 2181 persequitur
815 2099 850 2159 et
871 2095 996 2161 occidit.
1033 2116 1131 2180 quem

144 2203 217 2246 cum
245 2183 392 2247 similiter
419 2183 556 2267 spoliare
583 2185 692 2268 vellet,
721 2183 850 2265 advenit
872 2183 1037 2268 subpetiae
1059 2181 1132 2246 Mc-

142 2271 310 2354 nestheus,
328 2269 460 2335 Hectori
474 2271 578 2335 femur
592 2271 729 2354 sauciat,
743 2271 869 2335 saucius
884 2291 1011 2356 quoque
1025 2272 1134 2334 multa

142 2358 234 2422 milia
257 2358 372 2423 occidit
390 2362 422 2421 et
444 2362 679 2441 perseverasset
702 2359 841 2426 Achivos
864 2357 899 2422 in
920 2358 1030 2444 fugam
1055 2359 1133 2424 mit·

216 2661 229 2708 1
256 2653 282 2709 ei
309 2669 359 2710 om.
388 2654 588 2725 Gtconsulta
615 2654 674 2716 G!
729 2661 744 2710 2
773 2654 928 2724 ceterisque
960 2653 1028 2709 locis
1063 2655 1138 2710 lites*

137 2729 249 2795 praeter
270 2723 306 2792 O,
329 2725 377 2794 qui
399 2725 479 2780 tutet
501 2727 664 2795 ceterosque
686 2725 763 2780 locos
834 2731 849 2779 3
869 2725 1088 2782 exercitum'ad
1108 2725 1136 2780 L

65 2853 67 2856 .
141 2796 206 2862 fort.
226 2798 259 2850 ut
276 2794 411 2852 exercitui
428 2795 459 2850 iu
477 2797 635 2850 commeatu
654 2795 845 2866 subportando
864 2797 1044 2864 succurrant!
1064 2798 1133 2852 eub-

141 2866 281 2936 portando
309 2867 337 2920 A
360 2869 364 2934 l
387 2867 553 2920 succurrunt
578 2865 606 2919 A
651 2868 751 2922 curant
775 2865 802 2920 L
873 2865 1043 2922 thesidam
1072 2867 1136 2922 LG

143 2936 279 2992 Thesides
304 2937 457 2992 Merceriuc
473 2937 477 3005 1
494 2935 685 2992 demorantem
709 2939 739 2992 et
761 2935 856 2991 auium
875 2936 902 2990 L
937 2942 1136 2992 commorante

142 3011 172 3062 et
194 3023 298 3062 annum
322 3008 463 3061 uertentes
490 3006 516 3061 θ
558 3005 799 3076 Demophoontem
826 3007 1026 3062 Athamantem
1049 3007 1135 3062 Mer·-

142 3080 239 3144 ceriue,
253 3078 283 3132 et
299 3077 483 3132 Acamantem
492 3077 662 3132 Dederictua
724 3077 874 3134 onocatG
937 3084 953 3133 6
965 3078 1136 3134 essentLG

143 3149 200 3204 sint
213 3147 277 3202 BF
339 3147 410 3218 tin]
423 3147 507 3201 adM
522 3149 525 3216 ι
541 3146 728 3203 latitudine&
795 3149 927 3203 etroiam
942 3146 1001 3202 Le
1034 3148 1136 3204 troiae

143 3219 182 3273 M
215 3218 368 3273 troianaA
384 3221 389 3286 Ι
404 3217 502 3272 littora
516 3217 574 3273 LG
638 3223 671 3272 14
684 3217 840 3288 redegitF
872 3218 958 3273 rediit
971 3216 1029 3272 LG
1097 3225 1133 3272 15

141 3292 233 3343 totum
258 3305 309 3344 om.
335 3286 361 3342 G
434 3293 467 3342 16
493 3303 581 3344 exerc.
607 3288 650 3343 ed.
681 3287 779 3344 hector
801 3291 830 3343 et
853 3288 879 3356 G
902 3290 963 3358 (om.
987 3304 1021 3343 ex
1044 3289 1133 3358 urbe)

145 3364 177 3412 18
203 3373 256 3424 que
281 3375 331 3412 oen.
357 3357 383 3410 L
408 3359 411 3426 Ι
435 3357 561 3428 quisquis
586 3357 612 3411 L
689 3365 722 3414 19
748 3361 777 3414 et
801 3374 851 3413 our.
875 3360 902 3413 L
979 3365 1013 3414 20
1038 3358 1130 3424 Quem

142 3425 250 3478 marion
263 3425 289 3478 L
324 3427 457 3482 Mnereon
472 3427 498 3482 G
514 3431 517 3494 Ι
534 3427 739 3498 spoliareturG
776 3467 779 3476 .
811 3436 845 3484 22
864 3429 994 3485 similiter
1012 3443 1062 3486 om.
1079 3430 1130 3500 Gi

143 3493 290 3561 suppecias
308 3499 468 3550 mnnesteus
487 3497 514 3552 G
585 3505 618 3552 23
638 3499 760 3570 quoque]
781 3500 857 3568 quod
873 3500 908 3555 L.
