2416 3944
320 229 431 282 BELLI
449 229 601 282 TROIANI
619 232 689 283 LIB.
706 233 728 284 Ι.
995 229 1015 293 9

42 385 157 446 essent
178 385 334 464 repetens.
372 385 451 444 tunc
472 381 620 446 Priamus
642 381 726 444 inter
741 383 870 466 regulos
892 381 1015 447 medius

42 465 179 530 adstans
208 466 294 530 facto
322 465 451 530 silentio
486 465 650 549 optionem
677 464 835 549 Helenae,
864 487 945 550 quae
974 469 1015 532 ob

41 551 78 614 id
101 551 139 614 in
168 553 374 634 conspectum
396 570 438 633 po
463 549 601 614 ularium
623 554 771 634 venerat,
801 550 908 634 offert,
937 552 964 616 si
986 552 1016 616 ei

41 635 212 700 videretur
244 635 374 698 domum
406 656 425 698 a
484 654 558 698 suos
590 633 726 720 regredi.
778 657 874 718 quam
906 635 1016 700 ferunt

42 719 166 784 dixisse
188 723 293 802 neque
315 740 348 782 se
370 719 506 782 invitam
527 719 711 804 navigasse,
733 741 837 803 neque
860 720 922 784 sibi
943 739 1040 785 cums

42 803 190 868 Menelai
212 803 418 868 matrimonio
442 804 622 868 convenire.
667 804 714 868 ita
734 804 839 889 reguli
860 805 1016 870 habentes

41 887 208 953 Helenam
222 909 290 952 non
305 889 374 952 sine
390 887 602 952 exsultatione
618 909 657 952 ex
672 890 823 954 contione
840 887 1015 954 discedunt.

134 971 192 1037 XI.
228 972 289 1036 His
311 972 391 1036 actis
413 971 524 1038 Ulixes
552 974 754 1038 contestandi
781 973 884 1058 magis
912 973 1017 1060 'gratia

42 1079 146 1140 quam
168 1055 290 1140 aliquid
313 1078 351 1121 ex
373 1058 519 1122 oratione
545 1057 746 1141 profecturus
773 1061 901 1141 cunum,
935 1079 1016 1141 quae

42 1143 85 1206 ab
120 1140 306 1205 Alexandro
339 1145 452 1206 contra
484 1142 652 1207 Graeciam
683 1143 815 1228 indigne
848 1143 1017 1208 commissa
1030 1157 1054 1196 1⁰

44 1229 165 1306 essent,
187 1226 341 1290 retexuit}
365 1227 406 1290 ob
429 1247 511 1310 quae
526 1226 681 1292 ultionem
697 1228 786 1292 brevi
807 1229 943 1292 testatus
959 1230 1016 1293 est.

44 1311 123 1374 dein
146 1307 315 1375 Menelaus
336 1311 384 1374 ira
405 1311 545 1394 percitus
568 1311 668 1375 atroci
691 1310 782 1375 vultu
805 1311 938 1376 exitium
959 1311 1017 1373 mi-

43 1399 145 1459 natus
174 1394 346 1459 concilium
380 1395 521 1460 dimittit.
572 1415 654 1478 quae
682 1396 738 1459 ubi
772 1394 812 1459 ad
838 1393 1016 1460 Priamidas

43 1479 174 1562 perlata
195 1483 286 1562 sunt,
316 1480 508 1544 confirmant
535 1480 620 1543 inter
642 1499 675 1542 se
698 1479 790 1563 clam,
812 1479 860 1543 uti
882 1501 941 1564 per
963 1479 1016 1543 do-

44 1563 115 1626 lum
138 1563 264 1648 legatos
286 1564 549 1628 circumveniant.
593 1563 764 1628 eredebant
786 1564 915 1649 quippe,
931 1563 1054 1648 quod15

43 1669 114 1712 non
137 1646 260 1712 frustra
281 1669 336 1712 eos
357 1649 485 1732 habuit,
512 1649 539 1712 si
561 1647 660 1734 legati
682 1648 861 1733 inperfecto
883 1649 1016 1795 negotio

43 1732 270 1815 revertissent,
297 1732 368 1797 fore
391 1734 438 1798 uti
460 1732 628 1797 adversum
656 1755 689 1797 se
716 1732 837 1817 grande
858 1733 1018 1817 proeium

44 1816 274 1882 concitaretur.
328 1817 428 1902 igitur
458 1818 621 1899 Antenor,
654 1817 744 1882 cuius
777 1817 815 1881 de
848 1817 1017 1882 sanctitate

44 1921 178 1965 morum
199 1923 297 1984 supra
312 1902 568 1984 memoravimus,
584 1899 748 1966 Priamum
771 1903 922 1966 convenit
944 1922 1018 1966 con·

45 1983 307 2068 iurationemque
322 1984 441 2049 factam
456 1985 678 2068 conqueritur:
701 1985 786 2050 filios
808 1985 927 2069 quippe
950 1985 1017 2050 eius
1030 2001 1055 2041 20
1149 2037 1150 2040 ,

46 2091 117 2133 non
131 2069 259 2154 legatis,
275 2068 331 2132 sed
346 2069 496 2158 adversus
518 2090 551 2133 se
566 2068 699 2133 insidias
714 2090 842 2151 parare:
863 2089 968 2152 neque
985 2069 1018 2132 id

46 2175 79 2218 se
94 2173 277 2237 passurum.
307 2153 381 2216 dein
395 2174 464 2218 non
479 2153 581 2218 multo
596 2157 671 2235 post
690 2153 806 2237 legatis
821 2173 889 2219 rem
904 2152 1016 2236 aperit.

46 2239 94 2302 ita
116 2237 294 2320 exploratis
324 2237 473 2302 omnibus
501 2237 646 2302 adhibito
668 2235 837 2320 praesidio,
861 2257 933 2301 cum
954 2237 1018 2321 pri-

45 2343 138 2386 mum
134 2325 381 2470 X‹rdrportunum
402 2322 507 2386 visum
529 2325 586 2404 est,
607 2321 782 2386 inviolatos
804 2335 859 2386 eos
874 2321 1017 2388 dimittit.

203 2455 209 2470 .
247 2405 333 2470 Dum
348 2407 427 2470 haec
449 2406 535 2490 apud
551 2405 681 2470 Troiam
703 2429 722 2470 a
745 2410 852 2488 untur,
876 2406 1017 2470 dissemi-
1030 2421 1056 2462 25

45 2494 126 2554 nata
149 2489 215 2554 iam
236 2511 294 2574 per
315 2490 497 2555 universam
520 2489 687 2555 Graeciam
714 2426 802 2556 lgama
827 2511 938 2554 omnes
959 2490 1019 2554 Pe-

45 2574 177 2658 lopidae
200 2574 235 2638 in
256 2595 357 2638 unum
379 2574 577 2640 conveniunt
604 2579 700 2658 atque
727 2575 918 2658 interposita
939 2574 1018 2638 iuris

47 2659 179 2724 iurandi
202 2658 375 2744 religione,
402 2660 439 2722 ni
465 2657 591 2723 Helena
618 2680 690 2724 cum
712 2660 853 2743 abreptis
875 2659 1018 2724 reddere·

47 2747 117 2827 tur,
141 2743 264 2808 bellum
291 2762 324 2808 se
346 2742 475 2808 Priamo
502 2744 659 2808 inlaturos
682 2745 881 2810 confirmant.
919 2743 1018 2828 legati

118 2883 152 2932 19
170 2881 267 2932 Tacta.
285 2881 428 2932 Antehom.
448 2883 494 2932 161

118 3017 243 3079 tneque
263 3029 293 3066 se
312 3016 428 3066 inuitam
446 3017 594 3081 nauigasse
613 3033 660 3068 om.
683 3015 711 3068 G.
746 3031 796 3079 pro
819 3016 858 3066 tis
880 3030 969 3081 neque
988 3029 1018 3064 ae

48 3083 170 3147 patriam
194 3081 305 3148 regredi
327 3082 401 3134 uelle
423 3083 462 3148 B,
485 3092 615 3150 utrumque
637 3083 713 3134 tabet
732 3083 756 3132 P
831 3087 846 3136 6
865 3097 1017 3134 conuenere

50 3149 82 3202 θ’
102 3165 172 3206 corr.
192 3152 218 3204 2.
235 3165 266 3200 m.
335 3151 455 3214 Saratia
477 3167 523 3202 om.
544 3151 573 3202 G.
596 3167 652 3216 rap.
675 3167 726 3201 ser.
749 3152 775 3203 2.
793 3167 823 3204 m.
859 3152 948 3202 abesse
966 3153 1020 3198 uult

49 3217 253 3271 Hildedraadus.
351 3219 368 3268 9
389 3218 549 3283 profuturus
578 3217 637 3282 GB,
669 3219 792 3270 Heinsius
819 3227 844 3270 ee
871 3217 1020 3268 Perizonius

48 3287 214 3336 coniecerunt
240 3283 416 3350 profecturus
477 3291 580 3336 cuneta
608 3301 678 3350 quae
711 3287 746 3338 ab
782 3285 929 3336 alexandro
957 3299 1019 3336 eon-

48 3357 94 3402 tra
112 3354 236 3418 greciam
258 3351 374 3417 indigne
397 3367 465 3404 com.
491 3353 521 3404 G.
544 3356 571 3404 ia
593 3369 671 3418 maro.
748 3355 779 3403 11
801 3353 938 3421 ultionem
959 3351 1020 3416 regi

49 3420 80 3480 (i.
102 3435 124 3472 e.
145 3435 237 3472 eoram
258 3422 338 3486 rege)
357 3425 478 3472 testatus
497 3426 540 3472 est
556 3423 643 3472 moluit
665 3421 837 3486 chlrmsius
908 3422 938 3470 12
958 3424 1019 3469 atro

51 3486 83 3537 6¹
104 3487 130 3538 ci
148 3491 174 3543 2.
187 3505 219 3538 m.
238 3503 295 3552 sup.
313 3503 366 3543 ser.
435 3491 467 3539 20
486 3489 655 3553 conquiritur
676 3487 742 3538 6²3
804 3490 837 3538 24
856 3491 1020 3553 oportunum

51 3553 101 3603 GB
118 3563 144 3606 et
161 3559 199 3606 ita
216 3558 329 3620 saepius.
