2414 3946
159 177 202 241 56
464 191 671 240 unacuunrr
695 192 771 240 cnr.
787 192 822 240 11.

161 330 327 409 progignit,
350 337 380 392 et
394 331 589 409 temperantia
604 331 733 400 lavetur,
754 332 982 409 intemperantia
997 331 1138 394 laeditur.

160 416 286 474 invicem
303 431 394 494 porro
415 412 558 475 elementa
575 414 737 476 succedere
760 422 790 475 et
809 416 931 477 interitu
947 415 1140 495 singulorum

161 499 297 560 universa
314 499 377 559 steri
393 500 569 578 sempiterna
586 498 774 559 manifestum
790 508 844 562 est.

446 700 497 750 Dr}
516 697 625 750 CAELI
642 699 849 752 POSITIONE.

228 834 347 897 Caelum
374 833 493 895 circulis
519 836 649 914 quinque
675 834 874 912 distinguitur.
920 855 1052 916 quorum
1081 839 1171 900 duos

165 921 288 981 extremi
304 921 431 980 maxime
446 918 555 998 frigidi,
572 917 710 980 australis
725 919 908 982 humillimus
924 927 954 982 et
969 921 1141 1000 aquilonius

165 1003 390 1064 excelsissimus.
434 1003 480 1064 his
499 1003 649 1082 utrimque
669 1004 798 1083 proximi
822 1004 881 1065 duo
902 1005 1068 1084 paralleloe
1091 1027 1141 1068 ro-

165 1095 278 1156 cantur,
295 1096 328 1147 ut
342 1090 381 1148 ita
398 1087 536 1157 dixerim,
553 1104 646 1166 aeque
661 1087 812 1157 distantes,
830 1089 907 1149 idem
921 1091 1042 1168 tropici,
1058 1091 1141 1152 idem

165 1171 358 1240 solistitlales;
393 1171 466 1233 alter
486 1170 645 1241 hibernus,
674 1189 728 1250 per
750 1188 838 1250 quem
859 1171 903 1233 sol
929 1177 1141 1237 transmittens
1198 1177 1199 1190 ³

165 1263 266 1318 octava
288 1263 372 1335 parte
394 1257 562 1336 capricorni
583 1255 750 1318 sclistitium
770 1256 929 1318 hibernum
950 1259 1039 1328 laeit;
1065 1259 1142 1322 alter
1158 1270 1183 1317 lu

165 1343 308 1412 aestivus,
340 1359 393 1420 per
421 1358 509 1422 quem
535 1339 579 1402 sol
606 1348 706 1402 octava
727 1348 810 1421 parte
839 1343 939 1402 cancri
966 1341 1142 1406 sclistitium

131 1436 148 1484 2
167 1428 308 1487 aestivum
324 1425 402 1486 lacit.
429 1425 543 1488 medius
560 1432 604 1486 est
620 1424 848 1506 aequinoctialis,
866 1427 918 1508 qui
933 1434 1038 1488 octava
1054 1439 1142 1506 parte

166 1511 267 1570 arietis
293 1511 512 1589 aequinoctium
537 1526 677 1580 vernum,
715 1517 817 1578 octava
843 1510 937 1573 librae
964 1513 1141 1575 autumnale

167 1595 326 1654 constituit.

232 1677 268 1738 Ut
287 1677 390 1738 circuli
411 1677 555 1747 incaelo,
577 1679 618 1739 ita
633 1680 662 1738 in
677 1685 774 1740 terra:
799 1697 891 1740 zonae
907 1689 1063 1742 vocantur.
1097 1683 1140 1743 in·
1157 1691 1180 1737 15

166 1761 334 1823 habitabilis
349 1761 426 1822 inlra
442 1761 566 1842 frigidus
583 1761 711 1825 circulus
727 1763 765 1824 ob
781 1766 913 1844 rigorem
931 1788 947 1826 a
964 1787 980 1826 a
1002 1767 1087 1843 quod
1104 1768 1141 1828 ab

166 1847 213 1908 his
227 1846 398 1925 longissime
413 1846 457 1908 sol
473 1845 569 1919 abest,
591 1849 660 1909 item
677 1849 754 1908 intra
771 1847 885 1910 calidus
900 1851 1139 1927 aequinoctialis,

132 1941 148 1988 3
166 1932 246 2012 qnod
267 1931 322 1992 snb
342 1933 451 1992 vertice
473 1931 543 1993 solis
563 1941 616 1992 est.
653 1931 708 1992 snb
725 1950 783 2012 quo
799 1933 919 2012 quidam
941 1929 1082 1998 hahitare
1098 1938 1141 1998 di-

167 2023 237 2078 cunt
252 2039 267 2078 a
285 2014 468 2097 rcydropiae
489 2022 519 2076 et
540 2016 710 2096 Aethiopiae
731 2019 887 2080 maximam
907 2026 1045 2098 partem,
1067 2023 1141 2082 item

166 2101 309 2180 plurimas
336 2099 446 2162 insulas
471 2101 561 2162 maris
583 2101 668 2162 rubri
694 2101 826 2180 aliosque
849 2105 975 2164 vertices
1004 2106 1140 2167 emineu·
1156 2111 1181 2159 20

167 2188 280 2266 tiasque
296 2192 445 2248 terrarum
460 2187 570 2247 nostris
585 2184 753 2265 ampliores.
790 2187 846 2247 sub
861 2188 985 2267 tropicis
999 2187 1141 2251 habitare

167 2268 241 2329 nihil
257 2269 380 2330 dubium
396 2278 448 2331 est.
483 2277 585 2331 noster
602 2269 771 2332 solistitialis
786 2272 913 2332 aestivus
934 2278 979 2332 est
1001 2273 1142 2336 excelsus

132 2363 151 2410 4
170 2353 266 2434 adque
282 2354 401 2415 arduus.
438 2354 519 2416 divisi
536 2370 551 2414 a
568 2353 654 2416 nobis
670 2353 781 2416 circulo
796 2355 1004 2436 aequinoctiali
1021 2360 1140 2420 antich-

168 2437 275 2501 thones
291 2438 491 2499 nominantur.
513 2439 650 2500 videntur
662 2437 787 2500 humiles
803 2439 899 2520 adque
912 2440 1049 2519 depressi
1062 2439 1141 2526 [qui-

167 2597 372 2614 ——n———v

235 2691 260 2740 2.
290 2689 485 2742 succedanei)
554 2693 578 2742 7.
605 2705 786 2756 paaaunenae
813 2692 850 2757 D,
880 2691 1016 2759 parallelo
1045 2697 1074 2744 V

167 2763 192 2811 9.
220 2757 385 2809 solstitiales
411 2761 440 2809 V
519 2772 734 2810 raansmtrrens
764 2773 897 2810 ocrauanr
924 2773 1043 2826 pararent
1076 2764 1141 2827 DV,

166 2827 306 2878 transiens
329 2831 358 2876 et
380 2831 479 2877 tenens
507 2830 635 2878 octavam
657 2831 766 2893 partem
788 2828 886 2881 lalana
908 2843 943 2878 eae
964 2829 1046 2880 schol.
1074 2832 1140 2881 Ger·

166 2894 258 2946 manici
327 2897 428 2950 10.11.
452 2894 600 2944 solstitium
623 2895 649 2945 V
717 2897 757 2946 to.
781 2895 810 2945 in
827 2911 874 2946 om.
894 2897 952 2946 DV
1017 2897 1062 2951 ts.
1080 2905 1141 2964 post

167 2962 287 3027 rigorem
309 2963 377 3012 adde
397 2962 464 3012 item
487 2976 570 3028 supra
596 2965 636 3012 cel
657 2963 724 3012 item
745 2963 770 3014 ie
793 2964 840 3030 qui
862 2977 945 3028 snpra
969 2967 1012 3014 est
1087 2981 1141 3032 quo

168 3029 203 3079 ab
227 3031 251 3080 V
319 3032 359 3080 17.
384 3041 452 3078 trem
475 3044 502 3080 tn
521 3027 618 3080 nactos
643 3043 873 3094 aequanoortanes
891 3031 947 3081 DV
967 3028 1026 3094 (sed
1049 3043 1140 3084 extre-

166 3113 230 3147 mam
244 3111 257 3148 s
269 3098 295 3147 r'n
306 3098 332 3147 D
344 3097 405 3147 add.
418 3095 499 3163 at.2)‚
519 3097 586 3146 item
597 3097 703 3148 modius
722 3099 936 3164 aequinoctialis
954 3101 1011 3152 cod.
1024 3099 1143 3152 Manuaria·

168 3201 208 3249 18.
227 3195 334 3264 dieunt]
353 3201 455 3262 putant
471 3199 497 3248 V
564 3199 605 3252 te.
625 3165 772 3264 cydropiae
785 3201 840 3250 din
851 3215 915 3264 raa„
935 3199 1090 3265 eydropiae
1107 3205 1139 3260 V,

168 3265 319 3317 Gedrosiae
339 3265 480 3318 Urliclna'an
549 3265 693 3330 erhroptaa
712 3267 768 3320 DV
834 3269 876 3320 22.
894 3265 1058 3320 solstitialis
1082 3272 1109 3320 V

168 3334 210 3382 23.
228 3337 313 3395 atque
329 3333 356 3382 V
423 3331 629 3397 antichthoues]
648 3347 780 3390 centones
798 3335 856 3384 DV
870 3333 1087 3398 (comendamus
1098 3341 1139 3388 ille

166 3403 343 3460 grammaticae
355 3402 540 3464 quintarum,
560 3403 628 3465 quod
639 3416 704 3454 nnnc
720 3401 791 3464 infra
802 3404 896 3467 tegitur
910 3409 972 3468 post
988 3405 1139 3469 terrarium,

167 3463 329 3529 adscripsit),
348 3467 500 3518 antistones
517 3484 547 3538 m,
567 3483 620 3518 rec.
638 3472 665 3518 tn
686 3469 711 3519 V
727 3471 754 3519 in
770 3485 851 3534 marg.
921 3471 963 3523 24.
983 3474 1071 3534 atque
1095 3473 1123 3523 V
