2416 3944
346 199 459 250 BELLI
476 199 627 252 TROIANI
644 201 714 252 LIB.
733 201 771 253 ΙΙ.
1000 203 1041 268 41

70 348 207 414 Xantho
230 348 358 433 genitus
380 352 486 413 rector
507 348 679 432 Lyciorum
703 372 741 415 ex
764 349 903 435 Solemo,
925 352 1046 419 Nastes

72 438 106 498 et
127 431 385 516 Amphimachus
413 431 586 498 Nomionis
614 434 652 498 de
681 433 788 519 Caria,
816 437 981 520 Antiphus
1010 443 1043 504 et

71 517 230 584 Mesthles
278 517 425 602 genitore
470 517 662 584 Talaemene
705 517 862 605 Maeonii,
902 522 1042 588 Glaucus

70 601 274 686 Hippolochi
295 601 422 684 Lycius,
446 623 542 686 quem
563 603 625 667 sibi
647 601 822 690 Sarpedon,
845 605 931 690 quod
953 628 1043 690 prae·

70 693 123 752 ter
145 691 269 752 ceteros
290 685 433 770 regionis
455 687 524 751 eius
546 687 681 753 consilio
705 693 801 774 atque
823 691 920 755 armis
966 691 1073 756 olle-a

70 773 146 856 bat,
175 769 366 855 participem
393 770 581 836 bellicarum
602 794 711 838 rerum
732 773 919 858 adsciverat,
941 712 1043 840 i’hor·

71 877 128 939 cys
168 859 217 938 etv
236 855 393 920 Ascanius
426 853 477 918 Ph
538 878 587 940 es,
627 861 782 923 Chronius
823 871 852 924 ct
888 865 1044 924 Ennomus

70 940 252 1024 Mypdones
280 961 320 1004 ex
347 938 487 1024 Moesia,
547 941 732 1024 yraechmes
760 943 837 1008 Axii
871 942 1043 1027 Paeonius,

69 1024 236 1108 Amphius
270 1028 302 1089 et
329 1024 487 1088 Adrastus
520 1025 653 1109 Merope
681 1027 784 1111 geniti
818 1049 858 1092 ex
884 1028 1042 1112 Adrastia,

70 1110 172 1175 Asius
193 1108 329 1193 Hyrtaci
356 1108 394 1174 de
417 1107 527 1194 Sesto,
556 1110 631 1174 dein
658 1111 739 1176 alius
761 1113 859 1178 Asius
880 1111 1042 1198 Dymante
1057 1135 1086 1176 ro

70 1194 204 1280 genitus
237 1192 389 1258 Hecubae
422 1193 523 1258 frater
553 1217 592 1260 cx
620 1195 772 1282 Phrygia.
828 1197 889 1261 hos
922 1219 1043 1281 omnes,

71 1300 157 1363 quos
178 1278 437 1362 memoravimus,
459 1280 561 1343 secuti
582 1279 677 1344 multi
696 1281 848 1346 mortales
870 1279 1045 1366 inconditis

72 1363 220 1428 moribus
243 1383 280 1427 ac
302 1363 423 1445 dispari
445 1384 525 1428 sono
548 1365 646 1447 vocis,
670 1365 739 1428 sine
760 1366 828 1429 ullo
854 1365 967 1430 ordine
989 1369 1045 1431 aut

70 1446 318 1596 modcffielia
338 1447 421 1512 inire
443 1448 541 1512 soliti.

254 1529 311 1596 VI.
360 1529 453 1606 Quod
486 1531 542 1596 ubi
575 1533 679 1597 nostri
707 1534 974 1618 animadvertere,
1008 1536 1044 1599 in
1057 1553 1085 1595 rs

72 1617 225 1700 campum
257 1617 421 1700 progressi
457 1637 547 1681 more
580 1617 715 1682 militiae
747 1620 849 1684 aciem
883 1619 1043 1703 ordinant,

70 1701 231 1786 magistro
247 1721 285 1766 ac
297 1704 505 1785 praeceptore
521 1703 725 1784 conponendi
739 1701 928 1768 Menestheo
943 1703 1044 1767 Athe·

70 1786 197 1851 niensi:
227 1783 379 1850 ordinant
406 1790 513 1850 autem
540 1806 598 1869 per
631 1791 744 1870 gentes
771 1791 867 1872 atque
895 1788 1045 1873 regiones

72 1870 236 1956 singulas,
266 1891 407 1934 seorsum
435 1873 585 1934 manente
613 1870 741 1935 Achille
769 1893 842 1936 cum
870 1871 1043 1955 Myrmido-
1121 1872 1124 1876 ’

71 1977 154 2021 num
182 1954 334 2019 exercitu.
378 1954 406 2018 is
433 1975 588 2052 namque,
619 1975 813 2101 quampluam
841 1956 882 2020 ob
910 1955 1044 2020 inlatam
1058 1973 1084 2013 20

73 2041 117 2106 ab
151 2041 398 2124 Agamemnone
430 2060 582 2104 mmnam
613 2043 646 2103 et
678 2038 718 2103 ab
740 2043 847 2103 uctam
879 2039 946 2122 Hip
971 2040 1044 2104 oda-

72 2125 174 2190 mium
197 2123 280 2188 nihil
295 2122 394 2186 animi
416 2123 591 2206 remiserat,
614 2125 723 2187 tamen
738 2123 876 2187 maxime
898 2123 933 2187 in
958 2123 1045 2208 'gna-

71 2215 142 2292 tus,
166 2207 254 2292 quod
281 2207 413 2355 relirpms
436 2207 569 2272 ducibus
591 2205 632 2270 ad
659 2227 772 2272 cenam
793 2207 935 2272 deductis
957 2205 1044 2273 solus

75 2292 280 2375 contemptui
307 2291 351 2358 ha
373 2292 438 2356 itus
466 2292 742 2361 intermitteretur.
793 2296 933 2364 ceterum
962 2293 1045 2357 ordi-

70 2382 154 2444 nato
183 2376 326 2441 exercitu
353 2397 390 2440 ac
418 2381 496 2442 tunc
522 2376 662 2459 primum
690 2377 840 2441 omnibus
869 2377 970 2461 copiis
992 2378 1045 2442 ad·
1058 2395 1084 2435 2⁵

72 2483 206 2528 versum
228 2482 262 2525 se
283 2461 449 2526 instructis
471 2460 628 2543 hostibus,
652 2460 707 2524 ubi
728 2465 844 2526 neutra
865 2484 939 2545 pars
961 2483 1046 2526 com·

71 2547 205 2612 mittere
233 2545 329 2610 audet
335 2594 345 2628 ‚
360 2545 536 2692 paulisper
564 2545 600 2608 in
626 2545 698 2609 loco
726 2546 861 2610 retentis
888 2545 1046 2611 militibus

72 2637 241 2714 tamquam
263 2628 302 2694 de
324 2629 359 2693 in
380 2629 482 2694 ustria
503 2629 665 2712 utrimque
687 2630 831 2714 receptui
852 2632 988 2695 canitur.
1119 2693 1130 2710 ,

162 2712 330 2778 XXXVII.
360 2713 492 2797 Iamque
509 2713 623 2778 Graeci
637 2735 672 2778 re
712 2715 774 2779 essi
789 2714 830 2778 ad
843 2737 942 2780 naves
957 2737 1047 2780 arma

73 2800 238 2884 deponere
261 2819 298 2862 ac
319 2797 440 2883 singuli
461 2819 520 2880 per
546 2797 617 2862 loca
644 2821 680 2864 so
697 2798 740 2864 'ta
762 2820 877 2882 corpus
899 2800 971 2863 cibo
994 2820 1045 2862 cu·
1059 2817 1085 2856 ao

72 2907 147 2949 rare
177 2886 383 2967 occeperunt,
416 2903 489 2947 cum
520 2883 664 2948 Achilles
697 2884 801 2948 ultum
834 2884 881 2947 irc
914 2883 1046 2966 cupiens

145 3075 160 3121 l
184 3071 242 3122 sole
259 3075 399 3122 monentes
423 3070 483 3132 GB,
511 3073 645 3136 empediuit
668 3071 801 3123 Mereerus
878 3073 1046 3123 neurada

74 3138 326 3192 3talimsnecGB
376 3138 557 3204 ‹lippolichy
576 3139 624 3190 GB
685 3141 814 3205 dpereys
834 3139 881 3191 GB
950 3141 1046 3203 ipro·

73 3208 166 3258 minus
187 3205 235 3256 GB
270 3203 414 3257 Chromius
426 3206 562 3256 Mereerus
575 3210 604 3258 et
615 3208 756 3258 Ennomus
775 3209 875 3260 addidit
886 3207 1046 3257 Dederr'ehus

75 3273 245 3338 Smydones
268 3274 290 3324 θ
341 3273 466 3324 midones
485 3274 510 3324 B
537 3276 786 3328 cornhederiehus
802 3272 811 3339 l
838 3274 1047 3340 pureelimusd

74 3341 262 3406 purechymus
278 3341 303 3390 B
318 3338 322 3406 Ι
338 3341 416 3392 anxii
434 3342 477 3392 63
523 3341 707 3406 Pyraechmes
728 3343 793 3392 Axii
818 3357 886 3394 corr.
911 3341 1047 3394 Mcrcerur

74 3412 92 3460 9
110 3423 224 3474 merope
248 3408 295 3460 GB
311 3406 315 3473 Ι
331 3409 474 3459 adrestine
493 3409 541 3460 ΕΒ
558 3425 626 3462 corr.
644 3409 781 3460 Mercerus
851 3411 883 3460 10
901 3411 984 3473 asyue
999 3408 1047 3459 (ΞΒ

77 3477 81 3540 Ι
91 3478 312 3541 praepositionem
330 3476 364 3527 de
387 3478 472 3527 adieci
489 3493 523 3528 cx
545 3476 570 3526 B
585 3479 589 3541 Ι
607 3476 757 3542 dymantho
778 3475 826 3526 aB
894 3478 926 3527 25
944 3481 1001 3526 tum
1022 3473 1050 3522 V

76 3545 111 3596 30
129 3559 228 3596 curare
249 3545 278 3596 G.
297 3559 354 3609 sup.
372 3559 424 3596 scr.
444 3547 468 3598 1.
487 3561 517 3598 m.
