2424 3938
155 205 199 270 42
484 204 642 260 DARETIS
661 204 813 261 PHRYGII

156 354 193 504 pt
219 349 317 502 sapiat
339 372 359 414 a
380 348 510 416 Priamo
532 349 674 414 indutias
697 349 779 434 petit
800 349 910 435 ibique
932 341 1029 414 ludos
1051 348 1139 414 fune-

178 459 230 504 res
267 438 339 504 ecit.

244 526 376 592 XXXV.
434 524 558 591 Deinde
594 527 764 592 concilium
800 529 970 609 convocat,
1002 525 1140 612 Argivos

157 616 339 700 alloquitur.
396 616 502 700 placet
538 616 701 698 comibus,
739 620 776 680 ut
810 637 848 680 ea
884 635 968 700 qnae
1005 614 1141 680 Achillis

129 709 265 769 eeeeent
290 703 385 770 Aiaci
411 704 592 789 propinquo
621 704 689 770 eine
716 703 1019 769 commendarentur
1047 709 1141 788 etque

156 793 203 856 ita
233 791 318 858 Aiax
350 792 409 857 ait:
442 813 514 857 cum
546 793 632 858 filius
662 791 898 877 Neoptolemus
931 792 963 856 ei
995 793 1142 876 supersit,

156 881 318 946 neminem
359 880 492 966 aequius
534 902 630 966 super
665 880 882 966 Myrmidones
923 881 1141 964 principatum

156 969 276 1035 habere
295 991 391 1056 quam
410 991 496 1052 eum,
520 974 667 1053 oportere
685 991 758 1034 eum
778 969 818 1034 ad
836 989 982 1054 pugnam
995 970 1142 1034 accersiri

157 1058 250 1142 eique
272 1058 421 1123 universa
444 1079 526 1144 quae
548 1059 650 1142 patris
673 1062 765 1124 erant
789 1058 924 1123 restitui.
971 1058 1140 1123 concilium

118 1167 143 1208 ro
156 1146 241 1210 idem
269 1147 390 1229 placuit
416 1146 655 1231 Agamemnoni
677 1151 711 1212 et
735 1147 898 1229 omnibus,
926 1145 1024 1210 datur
1046 1167 1141 1231 nego·

156 1235 238 1300 tium
266 1234 423 1300 Menelao.
479 1235 533 1300 hio
562 1233 696 1320 Scyrum
731 1235 942 1319 proficiscitur
972 1234 1014 1299 ad
1044 1233 1141 1318 Lyco·

157 1325 282 1390 medem
301 1346 397 1388 evum
415 1324 496 1407 eiue,
514 1324 666 1408 imperet,
683 1328 721 1388 ut
737 1327 889 1408 nepotem
907 1345 1004 1388 enum
1025 1324 1141 1388 mittat.

157 1411 936 1586 tilittlttllllllltl‘Attii
964 1416 1141 1565 &stt

118 1573 255 1654 restruit
283 1590 438 1656 hortetur.
472 1552 602 1655 ycontra
629 1590 761 1656 Troiani
792 1612 832 1654 ex
862 1589 942 1654 urbe
974 1590 1140 1672 prodeunt.

156 1679 315 1761 proelium
350 1678 575 1762 committitur,
611 1679 647 1743 in
678 1679 783 1763 prima
819 1678 886 1742 acie
918 1677 1005 1742 Aiax
1040 1678 1139 1742 nudus

157 1769 311 1831 versetur.
369 1767 508 1833 elamore
544 1787 664 1852 magno
701 1772 773 1832 orto
805 1765 899 1831 multi
934 1787 973 1830 ex
1006 1771 1140 1850 utroque

158 1854 300 1958 exercitu
321 1860 464 1959 pereunt.
509 1855 692 1921 Alexander
715 1877 824 1960 arcum
845 1854 999 2007 wmpdit,
1024 1856 1139 1955 multos
1197 1929 1198 1932 Ἴ

118 2051 145 2091 20
158 1944 853 2119 llllllltlltt‚flllltsltl
875 1964 1140 2096 aemil

159 2121 256 2186 deret.
287 2121 372 2187 Aiax
394 2122 497 2186 fessus
520 2122 651 2186 vulnere
669 2122 704 2186 in
725 2126 831 2187 castra
849 2120 1000 2202 refertur,
1025 2120 1141 2205 sagitta

232 2401 389 2456 rneuuas
412 2417 462 2456 om.
487 2400 513 2456 c
536 2405 540 2468 l
563 2401 621 2455 nn.
644 2400 702 2455 ne.
727 2399 752 2454 o
773 2399 776 2470 l
796 2358 865 2455 fiere
885 2399 913 2453 n
985 2405 1002 2454 3
1026 2399 1063 2454 eu
1081 2416 1143 2454 eon-

159 2473 253 2526 silium
272 2471 298 2527 G
368 2479 386 2526 4
404 2473 498 2542 placet
516 2471 644 2526 omnibus
663 2487 714 2526 om.
733 2470 760 2523 L
775 2475 778 2540 Ι
795 2486 829 2525 ea
846 2486 919 2540 quae
930 2501 963 2510 —
974 2471 1061 2542 Aiax]
1077 2469 1144 2539 qnid

158 2542 287 2598 faciendo
313 2559 383 2612 opus
402 2544 439 2598 eit
462 2541 502 2597 dii
521 2542 703 2596 consulantur
722 2557 739 2595 a
757 2540 859 2610 quibus
882 2557 1050 2611 responsum
1074 2541 1143 2595 aoei-

110 2621 113 2626 '
159 2615 244 2684 piunt
266 2630 316 2684 per
335 2613 445 2668 achillis
468 2612 603 2683 progenie
621 2613 705 2667 finem
723 2612 841 2682 negocio
867 2611 935 2666 dari.
980 2611 1052 2666 Cum
1075 2612 1144 2665 haee
1198 2639 1199 2690 3

158 2737 253 2792 nuntii
270 2737 432 2792 retulissent
451 2752 637 2807 agamemnon
689 2685 953 2792 eeiiiffiii'iiiint
969 2734 996 2790 L
1017 2751 1020 2754 ·
1050 2741 1067 2790 6
1082 2753 1145 2790 cum

160 2826 258 2881 achilli
285 2827 303 2881 f.
334 2825 360 2881 G
387 2827 447 2894 (om.
478 2825 544 2950 cip!
570 2824 763 2880 neobtolemue
790 2824 817 2877 L
907 2831 922 2879 7
953 2841 1014 2893 enp.
1043 2824 1145 2894 Myrm.
1198 2823 1199 2900 l

159 2898 247 2966 princ.
267 2911 317 2952 om.
331 2897 358 2950 L
429 2895 502 2952 8ha
523 2896 580 2966 ere]
595 2913 691 2967 gerere
705 2895 732 2950 G
748 2899 751 2960 l
768 2911 853 2964 quam
871 2911 935 2950 eum
952 2911 1002 2949 om.
1018 2894 1044 2950 G
1061 2896 1066 2965 Ι
1083 2913 1144 2950 eum
1197 2909 1199 2958 4

160 2983 210 3022 oro.
229 2967 257 3020 L
276 2969 280 3037 1
301 2967 429 3023 arcersiri
447 2966 474 3020 L
494 2971 496 3034 l
519 2965 775 3037 quam—placuit]
806 2983 925 3035 eumque
951 2966 1083 3020 arcersiri
1111 2965 1145 3019 ad

160 3039 312 3094 exercitum
331 3041 459 3107 oportere
482 3039 515 3091 ut
536 3039 683 3107 parentem
701 3055 782 3092 enum
801 3036 953 3092 ulciscatur
973 3036 1144 3106 tandemque
1197 3011 1199 3120 Ι

159 3111 201 3165 rei
219 3108 354 3165 terminus
378 3108 467 3164 detur.
504 3107 602 3163 Placet
624 3108 650 3162 G
669 3111 729 3174 (orn.
752 3107 870 3178 placuit)
944 3113 977 3162 10
995 3109 1145 3178 Agamem·
1198 3129 1199 3136 ¹

160 3181 228 3236 noni
250 3182 279 3236 et
300 3180 431 3235 omnibue
454 3195 503 3234 om.
527 3178 555 3232 L
577 3180 580 3246 Ι
603 3179 653 3233 dat
670 3179 696 3232 L
778 3186 809 3232 11
837 3178 884 3232 hic
907 3178 1011 3232 scitum
1034 3177 1061 3232 G
1102 3178 1144 3232 his

161 3252 266 3306 circum
283 3251 310 3304 L
325 3254 329 3320 Ι
345 3248 543 3306 licomedenG
615 3256 648 3305 ll
667 3251 749 3304 horte
768 3247 813 3318 Gl
830 3265 865 3304 ex
882 3263 933 3304 om.
952 3248 980 3304 G
999 3252 1003 3316 Ι
1025 3251 1143 3318 utraque
1197 3207 1199 3322 l

160 3324 243 3389 perte
265 3321 409 3389 perierunt
435 3320 503 3376 fessi
530 3320 632 3375 aeriter
657 3321 811 3402 pugnando
835 3319 862 3374 G
940 3326 973 3375 18
1000 3319 1095 3374 tendit
1120 3317 1143 3372 G
1198 3323 1199 3358 l

163 3395 195 3440 19
224 3388 369 3459 interficit]
393 3391 496 3445 occidit
524 3391 550 3444 G
572 3394 575 3457 1
599 3389 672 3444 aiacr
700 3390 726 3445 G
749 3395 752 3458 l
775 3391 811 3444 al.
843 3406 895 3460 per
919 3391 1015 3446 hoetee
1043 3390 1144 3445 acriter

162 3457 293 3576 pppgpqpi
320 3461 413 3528 coepit
440 3461 467 3515 G
546 3467 581 3515 20
609 3477 672 3515 eum
700 3477 750 3514 om.
779 3461 805 3516 G
850 3459 1001 3532 occideret]
1023 3464 1141 3530 proeter·
1196 3381 1199 3518 l
