2416 3944
347 215 460 265 BELLI
477 213 631 266 TROIANI
650 214 719 265 LIB.
739 215 774 263 Il.
1002 213 1042 277 31

70 365 121 428 uti
151 364 239 428 facta
268 366 420 450 gestaque
450 384 560 428 eorum
588 364 657 428 laus
679 365 803 447 potius,
826 385 922 447 quam
951 364 1046 446 culpa

72 452 272 534 sequeretur.
309 456 342 511 et
364 451 401 512 ut
421 448 595 530 praeterita
617 469 701 512 ame
724 448 872 513 consulta
887 448 1043 530 omittam,

72 534 135 598 hoc
157 533 223 596 iam
246 532 322 596 licet
342 553 376 596 re
391 551 594 617 cognoscere.
632 531 760 596 iniuriis
776 532 1043 616 contumeliisque

73 617 251 681 Alexandri
272 617 370 700 paulo
392 620 467 680 aute
489 617 577 680 laesa
598 615 732 682 Graecia
752 638 820 682 non
842 617 882 680 ad
903 617 968 680 vim
990 638 1044 680 ne·

73 724 136 786 que
159 701 200 765 ad
216 723 305 765 arma
319 701 487 766 decursum
503 705 559 785 est,
575 702 661 785 quod
682 701 865 766 iracundiae
880 701 1069 786 refugiums

72 808 141 851 csse
165 786 257 850 solet.
294 807 371 850 nam
393 785 431 849 de
453 786 580 850 consilii
603 787 814 850 sententiale
857 787 883 851 ti
905 786 945 850 ad
966 786 1045 850 rcci-

71 870 229 954 piendam'
240 869 408 953 Helenam,
424 874 462 934 ut
475 870 675 954 meministis,
698 891 770 934 cum
822 870 934 935 enclao
957 871 1044 934 veni-

70 977 160 1019 mus:
198 954 314 1038 quibus
347 957 475 1038 praeter
503 976 539 1020 su
564 954 655 1018 erbas
683 955 855 1020 verborum
883 955 987 1020 minas
1013 958 1045 1018 et

71 1038 208 1103 insidias
231 1039 372 1104 occultas
393 1038 478 1102 nihil
500 977 662 1104 adriam
684 1061 789 1124 neque
805 1041 846 1104 ab
861 1041 929 1104 eius
951 1059 1044 1124 regu·

70 1125 112 1188 lis
142 1123 313 1188 remissum
341 1127 398 1188 est.
443 1123 621 1206 inperfecta
648 1124 748 1208 igitur
775 1147 826 1208 re,
858 1128 896 1222 ut
917 1125 1043 1207 opinor,
1057 1143 1082 1182 10
1189 1189 1190 1192 ,

72 1229 275 1292 consequens
297 1207 361 1273 fuit
388 1230 477 1272 arma
499 1229 611 1292 capere
634 1208 748 1293 hisque
774 1231 832 1292 per
853 1231 920 1273 urm
941 1212 1044 1272 extor-

74 1313 190 1377 quere,
212 1292 307 1375 ¹quod
335 1292 434 1357 amice
456 1293 624 1376 impetrari
640 1293 810 1376 nequitum
833 1296 890 1357 est.
934 1293 1043 1375 itaque

71 1380 187 1460 parato
205 1377 346 1441 exercitu
368 1397 405 1441 ac
426 1380 477 1442 tot
492 1378 630 1462 egregiis
651 1381 747 1461 atque
769 1377 889 1441 inclitis
911 1377 1043 1440 ducibus

70 1483 113 1525 ne
143 1462 190 1526 sic
221 1460 350 1546 quidem
371 1462 531 1545 proelium
558 1461 727 1526 adversum
749 1483 807 1526 vos
836 1461 918 1526 inire
941 1461 1043 1525 consi·

71 1547 153 1610 lium
174 1545 257 1610 fuit:
280 1545 334 1610 sed
356 1546 473 1612 imitati
495 1568 618 1612 morem
639 1544 892 1630 modestiamque
915 1545 1042 1610 solitam
1056 1565 1081 1604 15

69 1632 188 1695 iterato
212 1630 254 1694 ad
274 1651 333 1695 vos
355 1632 397 1695 ob
419 1631 552 1695 eandem
575 1652 702 1696 causam
730 1635 855 1696 oratum
883 1630 1040 1695 venimus.

72 1719 179 1780 cetera
208 1715 243 1780 in
264 1737 362 1779 manu
384 1719 490 1780 vestra
512 1715 573 1779 sita
594 1719 680 1798 sunt,
695 1715 842 1780 Troiani:
865 1737 969 1799 neque
984 1735 1043 1779 vos

71 1799 199 1884 pigebit
227 1800 426 1864 consensisse
454 1799 564 1883 nobis,
592 1800 620 1862 si
647 1799 742 1864 modo
771 1821 849 1864 sana
871 1820 961 1864 mens
984 1803 1041 1881 est,

71 1884 207 1948 decretis
237 1882 417 1948 salubribus
445 1884 554 1966 priora
586 1885 669 1948 male
697 1884 844 1949 consulta
871 1884 1041 1968 corrigere.

70 1967 174 2032 XXII.
212 1966 277 2031 Per
305 1967 380 2032 deos
410 1968 614 2051 inmortales,
649 1973 794 2052 reputate
823 1989 895 2032 cum
926 1967 1042 2032 animis
1055 1985 1080 2026 ro

70 2053 203 2134 vestris,
233 2055 355 2135 quauta
381 2051 486 2116 clades
522 2057 554 2116 et
587 2052 688 2117 veluti
722 2053 873 2136 contagio
910 2052 1068 2116 huiusce.

73 2135 212 2221 exempli
235 2136 346 2200 orbem
367 2147 526 2200 terrarum
548 2141 743 2220 occupatura
764 2136 815 2198 sit.
861 2134 932 2218 quis
956 2135 1043 2198 enim

85 2327 196 2370 acmus
214 2326 282 2369 non
298 2305 407 2369 omnia
429 2308 576 2388 suspecta
591 2310 687 2389 atque
709 2303 862 2368 insidiosa
884 2305 923 2368 ab
939 2303 1041 2368 amico

70 2394 214 2454 metuere
230 2389 388 2474 cogetur?
410 2394 467 2454 aut
489 2389 560 2473 quis
582 2389 681 2453 frater
702 2389 795 2453 fratri
818 2389 939 2453 aditum
953 2392 1040 2472 pate·
1054 2407 1080 2447 25

69 2473 191 2538 faciet?
227 2481 297 2557 quis
318 2474 478 2558 hospitem
507 2476 564 2538 aut
585 2478 758 2558 cognatum
788 2495 856 2537 non
877 2478 1043 2556 tamquam

68 2560 199 2623 hostem
221 2557 372 2622 cavebit?
408 2557 546 2641 denique
574 2558 601 2621 si
623 2557 716 2642 haec,
745 2557 831 2640 quod
854 2578 914 2622 uon
936 2578 1041 2641 spero,

74 2643 260 2726 probaritis,
284 2643 392 2706 omnia
413 2641 551 2712 foederis
572 2643 643 2706 iura
665 2663 701 2706 ac
715 2643 844 2726 pietatis
866 2642 951 2725 apud
972 2642 1042 2706 bar-

69 2221 219 2368 posthac,
235 2220 287 2284 cui
302 2220 395 2284 virile
409 2221 578 2305 negotium
594 2225 651 2304 est,
669 2219 851 2285 recordatus
866 2219 1042 2283 Alexandri

137 2884 153 2931 2
177 2897 194 2930 a
217 2877 273 2944 me]
298 2881 369 2930 bene
394 2881 447 2930 PV
523 2883 538 2930 3
561 2881 643 2931 licere
667 2896 690 2935 c.
716 2881 763 2930 GB
802 2882 861 2930 licet
882 2896 912 2929 re
935 2895 990 2943 cop.
1019 2879 1045 2927 V

70 2951 99 2997 ll
124 2949 224 3012 iusque
241 2947 267 2997 V
314 2949 345 2997 12
357 2949 505 3012 impetrare
520 2947 568 2998 GB
592 2949 741 3013 impetrari,
755 2955 782 2995 ul
794 2948 944 2996 Perizonius
955 2953 1042 3010 postu·

70 3021 172 3066 lauerat
190 3015 216 3064 P
279 3017 310 3064 17
329 3030 418 3080 neque
437 3016 528 3066 uosG
562 3031 648 3081 neque
667 3029 717 3066 uos
736 3014 785 3063 PB
854 3016 886 3065 18
899 3015 978 3064 uobis
995 3013 1042 3064 GB

69 3099 137 3134 corr.
167 3083 336 3134 Dedericllua
353 3082 357 3145 Ι
370 3084 436 3146 fort.
465 3097 498 3132 ac
526 3083 551 3131 si
642 3085 683 3138 20,
703 3097 760 3146 rcp.
788 3095 848 3131 cum
876 3098 921 3136 an.
950 3099 995 3133 om.
1021 3081 1042 3131 G

71 3165 91 3199 r.
112 3166 135 3200 c.
157 3167 182 3200 a.
201 3151 304 3200 uestris
321 3165 369 3200 orn.
387 3151 413 3200 B
430 3150 506 3200 tabet
524 3151 577 3200 PV
643 3152 674 3198 21
694 3149 789 3200 clades
812 3155 840 3200 et
862 3150 934 3212 libri,
959 3150 1042 3198 [lacc-

70 3220 110 3266 ria
138 3234 202 3282 emp.
231 3223 259 3267 ct
293 3221 349 3268 rinc
378 3219 445 3268 iustu
474 3234 553 3268 cauea
584 3217 590 3273 Ι
621 3217 701 3268 huius
726 3215 762 3267 6¹
865 3219 897 3266 22
921 3216 975 3265 erit
994 3214 1041 3266 (ΞΒ

70 3285 143 3334 enim
165 3285 189 3334 V
252 3286 285 3334 23
302 3283 383 3334 uirile
401 3286 543 3350 ingenium
565 3285 614 3334 VP
668 3286 702 3336 25
720 3284 811 3334 frutri⁸
832 3283 854 3333 G
909 3284 942 3332 26
961 3297 1042 3346 quem

70 3351 137 3414 libri,
156 3353 205 3401 ium
223 3353 316 3402 dudum
334 3367 403 3402 corr.
416 3353 466 3403 nisi
480 3353 551 3416 sorte
563 3357 695 3402 statuimus
706 3352 786 3402 certo
816 3350 1043 3415 quem-cauebit

70 3421 221 3470 collocanda
243 3433 300 3468 esee
318 3434 345 3468 u.
364 3421 398 3470 22
414 3427 476 3484 post
494 3424 607 3484 cogetur
676 3421 709 3469 22
728 3418 799 3483 quod
818 3433 899 3482 spero
920 3417 967 3467 ΕΒ
986 3419 1042 3466 ueri

70 3487 174 3602 pusitius
193 3493 231 3584 ⁶⁸¹²
249 3487 379 3538 eccidisse
414 3502 477 3550 non,
497 3503 569 3552 quam
588 3488 656 3552 quod
673 3487 734 3536 add.
757 3485 783 3534 V
803 3485 875 3534 haud
929 3486 961 3534 28
980 3498 1041 3546 pro·

90 3554 170 3604 aritia
189 3556 236 3607 G.
