2416 3944
996 227 1048 274 VlI

164 359 233 426 Iam¹
260 381 337 425 vero
365 355 516 424 exoritur
535 359 694 442 quaestio,
725 359 776 424 oui
802 360 882 424 haec
910 360 1048 424 historia

67 444 156 509 belli
184 445 317 510 Troiani
345 443 497 508 debeatur
524 448 557 508 et
605 465 648 507 uo
676 446 819 526 tempore
845 445 967 528 ¹scripta
994 446 1047 528 sit,

71 529 112 592 de
138 551 205 613 qua
226 551 261 593 re
283 527 361 612 quid
388 529 431 592 sit
457 465 661 592 statuendum
693 527 833 591 maxima
854 528 939 592 inter
961 529 1047 592 viros

72 613 191 678 doctos
215 617 263 678 est
277 612 449 676 dissensio:
470 633 530 676 nec
545 611 716 676 defuerunt
731 611 819 694 adeo,
841 613 898 694 qui
913 613 946 676 id
961 611 1048 695 quod

73 697 90 759 Ι
114 699 158 762 13
181 700 331 761 narratur
353 709 464 760 verum
484 717 554 760 esse
579 697 641 760 rati
664 695 784 778 Dictyn
805 696 958 760 comitem
979 695 1048 760 Ido-

73 782 187 846 menei
202 785 366 846 auctorem
381 780 483 844 libelli
498 783 657 863 putarent.
688 781 734 844 At
755 779 834 844 haec
856 781 926 864 ipsa
941 781 1048 862 verba,

72 865 142 929 nisi
166 866 251 930 forte
266 865 368 928 serius
384 863 492 930 addita
514 868 598 947 sunt,
622 863 699 928 satis
714 865 937 928 demonstrant
952 870 1049 947 scrip·

74 953 185 1013 torem
207 947 283 1012 data
305 960 403 1032 opera
423 948 573 1012 mirificas
600 949 678 1012 istas
700 947 826 1012 fabulas
852 948 887 1011 in
910 949 1051 1012 medium

73 1033 254 1116 protulisse
277 1049 315 1097 eo
342 1032 493 1116 oonsilio,
521 1036 558 1096 ut
585 1032 647 1096 sibi
668 1032 823 1096 maiorem
849 1035 1050 1116 compararet

77 1118 178 1180 fidem
206 1120 242 1180 at
265 1137 305 1181 ue
334 1117 575 1181 auctoritatem:
609 1129 734 1180 summa
760 1117 861 1199 enirn,
889 1117 961 1198 quis
989 1117 1058 1180 hoc¹
1184 1143 1186 1145 ·

78 1201 251 1285 negaverit
295 1199 358 1264 fide
380 1200 508 1284 dignus,
531 1200 587 1283 qui
609 1200 657 1265 iis
670 1200 748 1282 ipsis
770 1200 865 1264 rebus
891 1200 1051 1282 interfuit,

78 1307 161 1367 quas
193 1289 319 1368 narrat,
353 1285 407 1368 qui
437 1305 492 1350 eos
518 1283 681 1367 hominen,
711 1305 848 1366 quorum
882 1283 967 1346 facta
1000 1283 1052 1346 de·

78 1369 202 1452 scribit,
225 1370 237 1432 i
260 1390 294 1432 se
309 1367 437 1432 viditet
451 1369 553 1433 novit.
590 1367 702 1450 ltaque
725 1371 838 1444 auctor
859 1366 943 1430 idem
965 1367 1052 1450 fecit,
1187 1375 1188 1398 ³

20 1519 21 1522 ,
79 1452 169 1536 quud
191 1453 227 1517 in
279 1455 366 1516 arete
380 1453 470 1536 Phry
492 1453 535 1535 io,
557 1451 642 1515 idem
664 1450 751 1534 qaod
773 1451 808 1516 in
824 1449 873 1516 sis
918 1451 961 1515 ho
984 1449 1051 1516 Coo

80 1537 206 1602 factum
228 1541 277 1600 est
293 1533 445 1616 (Mulelae
461 1473 729 1620 dhronographia
744 1533 776 1600 V
797 1557 828 1618 p.
853 1469 916 1600 ldd

914 1541 934 1619 ),
957 1553 1053 1619 quem
1187 1539 1188 1562 ;

80 1621 235 1686 comitem
256 1620 371 1685 Teucri
398 1613 484 1685 bello
507 1619 647 1685 Troiano
674 1619 858 1684 interfuisse
887 1621 983 1702 atque
1005 1618 1053 1680 hi·
1186 1661 1188 1670 ι

81 1706 219 1770 storiam
230 1705 300 1768 eius
313 1704 391 1769 belli
403 1705 565 1788 scripsisse
580 1704 778 1787 fabulantur,
791 1723 829 1767 ex
844 1725 909 1786 qua
922 1706 1052 1786 postero

81 1794 229 1873 tempere
250 1787 411 1852 Homerus
432 1789 575 1872 Iliadem,
591 1787 757 1873 Vergilius
779 1786 956 1852 Aeneidem
980 1807 1054 1850 con—

83 1873 210 1937 diderit.
256 1871 338 1937 Oum
364 1869 426 1936 hae
447 1873 552 1956 prima
577 1873 647 1936 eius
675 1872 788 1938 fraude
816 1872 941 1954 reliqua
963 1870 1054 1933 artis·

83 1958 163 2020 sirne
187 1955 369 2021 cohaerent.
398 1955 529 2020 Etenim
544 1977 616 2020 cunr
631 1955 744 2038 Dictys
766 1975 875 2020 comes
889 1953 1054 2018 Idomenei
1187 1989 1188 1994 κ

20 2049 21 2052 ’
83 2045 198 2104 auctor
220 2043 303 2102 esset
323 2039 428 2101 factus
456 2039 552 2102 huius
580 2038 670 2121 libri,
698 2059 762 2120 qua
789 2038 921 2102 tandem
942 2039 1055 2120 lingua

84 2126 214 2206 poterat
235 2122 285 2184 uti
306 2116 370 2184 alia
392 2125 488 2204 atque
505 2121 649 2185 Graeca?
680 2119 858 2204 Oportebat
872 2121 972 2204 igitur
985 2121 1055 2184 eius
1187 2117 1188 2120 ’

85 2227 166 2290 opus
193 2205 343 2288 primitus
367 2220 479 2288 graece
505 2205 661 2288 scripturn
688 2227 770 2288 esse,
799 2205 886 2288 quod
913 2209 952 2270 ut
978 2227 1055 2288 quo·
1114 2239 1119 2246 ·

85 2287 257 2355 dammodo
280 2287 431 2352 credibile
454 2289 634 2372 videretur,
657 2290 857 2374 excogitatae
879 2294 955 2354 sunt
981 2290 1055 2354 illae

86 2394 166 2458 quas
196 2373 231 2436 in
260 2371 398 2455 epistola
430 2376 463 2436 et
494 2372 631 2458 prologo
659 2373 797 2458 legimus
825 2395 947 2457 nugae,
977 2395 1055 2457 quas

85 2462 215 2542 postero
249 2460 395 2540 tempore
423 2458 575 2540 repetitas
608 2461 705 2540 atque
741 2459 954 2541 conprobatas
986 2478 1056 2521 esse

86 2563 155 2607 non
170 2536 320 2624 estquod
335 2541 510 2605 miremur(
526 2537 661 2606 Nullum
676 2546 781 2606 autem
799 2543 913 2608 Graeci
929 2541 1055 2624 Dictyi's

87 2629 232 2710 superest
254 2624 435 2709 vestigium.
642 2649 646 2656 ·

173 2706 260 2782 Quae
281 2729 355 2773 cum
375 2708 422 2772 ita
443 2709 517 2805 sint,
540 2709 639 2772 libere
654 2709 801 2774 confiteri
823 2709 974 2773 debemus
996 2729 1056 2772 nos

89 2795 250 2858 auctorem
271 2793 437 2877 ignorare,
460 2809 516 2876 qur
537 2813 578 2856 ne
601 2798 828 2878 agnosceretur
850 2793 939 2858 omni
961 2791 1056 2855 modo

89 2876 220 2959 studuit,
243 2877 306 2940 hoc
327 2880 437 2941 tamen
458 2876 552 2940 facile
574 2877 804 2960 perspiciemus
826 2897 899 2940 eum
922 2875 1057 2940 Graeca-

90 2983 161 3026 mm
182 2959 464 3044 Romanorumque
492 2961 686 3043 litterarum,
709 2960 867 3044 imprimis
888 2959 1057 3024 historico·

90 3066 161 3110 rum
182 3041 404 3108 Romanorum
431 3045 531 3108 fuisse
553 3045 784 3128 peritissimum
809 3048 843 3110 et
865 3067 904 3108 ex
927 3044 1057 3128 optimis

89 3128 233 3194 fontibus
248 3128 420 3212 praecipue
435 3149 474 3193 ex
489 3127 631 3193 Homero
646 3128 791 3194 hausisse
817 3128 870 3210 (cf.
884 3127 901 3192 I
915 3129 981 3208 27),
1004 3149 1058 3191 ne·

92 3232 152 3296 que
179 3213 358 3276 errabimus
386 3213 414 3277 si
441 3213 611 3277 statuimus
642 3233 716 3278 eum
742 3213 909 3277 rhetorum
938 3211 1057 3275 scholis

91 3317 158 3361 esse
179 3296 342 3360 eruditum
365 3300 462 3380 atque
483 3296 558 3360 inde
587 3298 678 3381 operi
699 3317 757 3362 suo
787 3295 942 3379 quidquid
963 3295 998 3358 in
1020 3315 1058 3358 eo

91 3385 139 3446 est
174 3383 308 3445 ornatus
349 3385 445 3466 atque
497 3381 677 3465 elegantiae
723 3379 885 3445 adiecisse.
940 3377 1055 3453 Quem-

90 3463 261 3530 admodum
292 3468 401 3530 autem
433 3466 600 3530 materiam
633 3488 672 3530 ex
706 3464 839 3529 diversis
871 3462 1055 3527 auctoribus
