2460 3940
363 197 477 249 saum
494 197 646 250 ruamur
663 197 734 248 um.
752 199 798 251 vi.
1010 197 1071 266 105

103 347 204 432 viget.
252 348 308 411 ibi
329 348 441 416 multa·
464 347 632 414 adversum
667 345 813 412 Orestem
846 349 992 414 molitur:
1029 350 1071 414 ad

101 435 302 516 postremum
316 431 524 503 multitudine
545 431 751 515 popularium
779 432 946 500 cohibitus*
968 435 1018 498 ab·
1031 456 1069 500 eo

125 514 191 581 uod
212 520 362 600 coeperat
382 517 516 602 negotio
538 517 666 582 restitit.
712 517 787 586 inde
814 518 920 602 placet
947 519 1070 584 cunctis

102 538 251 667 grestem
267 623 363 684 super
385 623 424 670 eo
442 602 586 666 facinore
602 622 729 688 causam
745 601 849 670 dicere
870 603 957 686 apud
970 603 1070 668 Athe-

101 687 248 771 nienses,
275 685 331 752 ubi
358 686 623 772 Ariopagitarum
653 687 805 751 iudicium
819 687 1095 754 =severissimums

101 791 161 854 per
183 793 312 839 omnem
329 771 495 837 Graeciam
509 770 762 836 memorabatur:
784 771 870 856 apud
885 793 966 856 quos
986 772 1071 838 dicta

103 876 200 920 causa
232 855 358 920 iuvenis
390 855 576 925 absolvitur.
620 855 767 942 Erigone
802 879 884 940 quae
912 879 951 921 cx
973 858 1071 942 Aegi-

98 939 177 1004 stho
206 939 292 1005 edita
321 944 404 1024 crat,
436 941 493 1012 ubi
521 941 653 1005 fratrem
688 940 872 1006 absolutum
898 941 1068 1028 intellegit,

102 1024 190 1089 victa
211 1024 322 1089 dolore
344 1025 515 1090 inmodico
539 1025 655 1108 laqueo
683 1026 817 1090 interiit.
862 1025 1069 1091 Menestheus

55 1186 58 1190 ,
103 1109 275 1174 liberatum
305 1108 441 1174 Oresten
467 1109 631 1193 parricidii
665 1109 811 1176 crimine¹
831 1131 893 1194 pur
935 1115 1068 1195 tumque
1082 1133 1109 1172 ιο

102 1194 480 1344 substituet
497 1193 771 1344 :ttetzae
789 1195 893 1344 ellat
916 1196 1071 1364 hbent

469 1337 470 1340 ’
887 1329 896 1360 7

102 1363 257 1428 remittit:
284 1363 393 1448 ibique
415 1385 551 1449 regnum
574 1364 603 1428 ci
626 1363 821 1428 concessum.
872 1362 946 1428 dein
968 1368 1070 1428 trans-

103 1451 177 1518 acto
205 1451 350 1531 tempore
377 1448 481 1518 accitu
508 1447 673 1513 Idomenei
693 1447 821 1514 Cretam
843 1449 933 1512 venit
957 1469 1070 1532 ¹neque

102 1531 206 1596 multo
228 1536 304 1616 post
318 1531 498 1596 Menelaus:
521 1533 567 1596 ibi
581 1533 684 1597 multa
705 1533 740 1596 in
762 1537 913 1616 patruum
935 1533 1070 1597 saeviter
1083 1551 1130 1594 rs·

103 1637 162 1700 per
185 1637 257 1692 eum
280 1617 416 1715 ingesta,
440 1617 527 1700 quod
549 1617 610 1681 sibi
631 1639 690 1701 per
715 1617 957 1682 dissensionem,
969 1639 1071 1701 popu·

102 1700 219 1764 larium
241 1701 439 1766 mult1mcdis
461 1702 658 1785 periclitanti
686 1703 754 1785 ipse
783 1702 880 1766 etiam
900 1702 1070 1767 insidiatus

102 1789 196 1852 essct.
241 1785 282 1850 ad
309 1789 508 1870 postremum
534 1787 710 1852 intercessu
737 1785 902 1852 Idomenei
936 1790 1070 1869 uterquc

103 1868 294 1934 conciliatus
329 1871 390 1936 sibi
422 1869 665 1936 Lacedaemone
698 1869 840 1936 discedit.
894 1871 940 1934 ibi
956 1869 1070 1935 Mene-

104 1955 185 2037 laus,
208 1955 303 2019 siouti
325 1959 529 2039 convenerat,
545 1955 756 2020 Hermionam
778 1955 813 2019 in
828 1955 1070 2020 matrimonium
1082 1977 1108 2018 ao

103 2037 211 2104 Oresti
233 2039 287 2104 des
331 2039 412 2105 ndit.

190 2123 230 2188 V.
303 2145 338 2204 er
364 2125 449 2188 idem
477 2127 604 2208 tempus
627 2122 738 2188 Ulixes
762 2122 890 2188 Oratam
918 2124 1070 2207 adpulsus

105 2212 155 2274 est
183 2207 306 2274 duabus
329 2208 528 2274 Phoenicum
554 2208 691 2275 navibus
719 2207 872 2273 mercedis
890 2213 993 2291 -pacto
1021 2230 1071 2273 ac·

106 2293 224 2376 ceptis:
246 2315 384 2378 namque
400 2315 473 2360 suas
489 2315 561 2358 cum
576 2293 672 2370 suciis
687 2296 782 2378 atque
805 2293 964 2377 omnibus,
987 2314 1069 2377 quac

104 2399 145 2443 ex
166 2377 265 2442 Troia
286 2377 451 2462 habuerat,
474 2399 532 2462 per
548 2377 619 2442 vim
634 2377 818 2442 Telamonis
841 2379 990 2444 amiserat
1011 2379 1069 2443 sci·
1083 2395 1109 2439 ἢὸ
1130 2412 1131 2420 1

104 2462 183 2526 licet
209 2462 319 2528 infesti
347 2464 388 2528 ob
415 2463 551 2532 inlatam
580 2485 638 2545 per
666 2484 739 2527 eum
765 2463 987 2546 filionccem,
1016 2463 1071 2528 vix

103 2547 174 2630 ipse
195 2547 350 2612 liberatus
371 2547 530 2612 industria
551 2547 609 2612 sui.
653 2547 921 2630 percontantique
947 2547 1071 2613 Idome-

92 2646 176 2714 neo,
199 2632 316 2714 quibus
338 2653 378 2696 ex
400 2633 503 2697 causis
530 2633 566 2695 in
586 2635 693 2696 tantas
715 2631 859 2696 miserias
881 2632 1070 2716 devenisset,

104 2716 222 2781 erroris
243 2716 374 2782 initium
395 2738 526 2782 narrare
549 2717 680 2800 occipit:
709 2737 773 2800 quo
801 2719 896 2800 pacto
919 2716 1070 2800 adpulsus

102 2800 262 2876 Ismarum
294 2801 398 2868 multa
430 2801 505 2864 inde
537 2822 596 2884 per
628 2801 748 2866 bellum
780 2802 926 2883 quaesita
953 2799 1070 2884 pracda
1083 2815 1109 2858 eo

101 2885 307 2970 navigaverit
338 2886 554 2970 adpulsusque
587 2885 628 2972 ad
658 2885 867 2969 Lotophagos
894 2887 990 2968 atque
1018 2883 1070 2948 ad-

104 2991 198 3034 versa
223 2991 301 3035 usus
327 2971 653 3040 fortrmadevenerit
680 2970 715 3034 in
745 2967 901 3034 Siciliam:
930 2969 986 3034 ubi
1013 2991 1071 3053 per

157 3195 196 3259 'v
214 3209 312 3262 nalal.
332 3209 466 3262 ras-ror
484 3209 598 3264 aaaron.
617 3209 639 3259 P
659 3212 716 3261 132.

172 3413 317 3465 adesum
339 3415 389 3464 VP
461 3415 526 3463 'lex
548 3427 678 3478 superscr.
700 3429 744 3477 pr.
768 3429 798 3465 m.
820 3413 841 3464 G
911 3413 942 3464 15
959 3413 1069 3462 saeuire

104 3482 153 3534 GB
176 3483 244 3532 unde
271 3497 367 3532 seuere
395 3481 445 3531 VP
469 3488 583 3532 nostrum
605 3481 702 3544 Peiper
771 3484 802 3533 17
825 3481 997 3546 periclitatus
1022 3479 1069 3530 GB

102 3565 173 3604 corr.
203 3549 254 3599 VP
329 3551 362 3600 27
381 3563 431 3600 sua
454 3550 503 3598 VP
570 3550 603 3600 30
621 3548 785 3598 Zismirnum
805 3549 852 3599 GB
870 3555 981 3600 nostram
999 3547 1031 3596 P.
