2416 3944
327 211 736 289 nanciscendarum
772 272 774 274 ,
931 222 1043 293 5
1135 291 1139 293 .

57 355 324 420 consternabatur.
352 359 385 419 at
399 355 455 418 ubi
470 355 696 420 animadvertit
710 353 896 418 Palamedes
910 375 1019 440 regem

56 441 97 504 ira
124 443 221 524 atque
256 439 480 524 indignatione
515 439 730 523 stupefactum
768 439 901 503 consilio
937 441 1019 504 exci-

57 524 140 608 disse,
162 525 234 607 ipse
255 545 354 588 naves
368 527 462 607 parat
483 528 579 607 atque
596 524 685 588 omni
706 525 921 588 instrumento
945 545 1019 588 con-

56 610 168 690 positas
184 608 453 692 terraeadplicat.
491 607 565 672 dein
580 631 639 693 pro
661 613 806 693 tempore
826 629 935 692 regem
950 609 1020 672 bre-

56 693 128 758 viter
156 693 356 776 consulatue,
384 693 530 776 inpositis
559 694 655 758 etiam
684 715 723 758 ex
752 692 909 760 divisione
937 710 1044 776 quaet

57 776 86 838 in
106 777 164 842 tali
185 777 319 862 negotio
342 781 469 861 tempus
491 779 688 864 patiebatur,
709 799 825 842 navem
848 777 1018 842 ascendere

56 860 126 925 facit
148 865 246 1010 atque
273 861 320 925 ita
346 863 451 926 ventis
480 883 519 926 ex
547 863 708 927 sententia
734 861 886 926 flantibus
908 862 1019 945 paucis

56 944 159 1010 diebus
205 949 332 1028 partam
354 967 537 1029 pervenere.
587 968 625 1011 eo
653 948 718 1010 iam
739 949 965 1031 Agamemnon
987 950 1020 1010 et

55 1026 167 1094 Nestor
190 1049 380 1114 omnesque,
404 1031 460 1114 qui
483 1052 521 1095 ex
542 1032 667 1116 origine
681 1031 812 1115 Pelopis
834 1031 868 1094 in
884 1031 1018 1095 Graecia

55 1114 238 1198 regnabant,
262 1115 402 1199 cognitis
424 1115 519 1180 rebus
539 1116 772 1196 confluxerant.
809 1116 911 1200 igitur
931 1119 1057 1199 post-10

56 1218 143 1278 quam
167 1197 353 1262 Menelaum
375 1199 541 1264 advenisse
567 1201 687 1284 sciunt,
717 1221 828 1264 omnes
855 1201 890 1264 iu
918 1221 1019 1264 unum

55 1285 173 1346 coeunt.
219 1287 251 1346 et
273 1305 467 1366 quamquam
489 1285 643 1348 atrocitas
662 1283 739 1348 facti
761 1284 801 1347 ad
823 1283 1017 1367 indignatio·

55 1386 120 1429 nem
143 1366 313 1447 ultumque
343 1368 477 1432 iniurias
505 1369 664 1452 rapiebat,
694 1373 804 1433 tamen
831 1389 870 1432 ex
893 1367 1019 1431 consilii
1041 1411 1043 1415 -

55 1451 212 1516 sententia
226 1451 378 1536 legantur
391 1453 480 1536 prius
495 1453 536 1516 ad
550 1452 681 1517 Troiam
695 1451 890 1535 Palamedes,
907 1450 1019 1517 Ulixes

56 1538 83 1596 et
102 1533 270 1600 Menelaus
291 1536 405 1620 hisque
420 1536 605 1621 mandatur,
628 1537 676 1602 uti
692 1538 861 1620 conquesti
882 1537 1055 1600 iniurias15

54 1616 207 1682 Helenam
230 1623 263 1683 et
285 1641 367 1704 quae
394 1642 467 1686 cum
494 1643 532 1686 ea
554 1622 686 1705 abrepta
712 1626 804 1686 erant
824 1625 1016 1704 repeterent.

131 1702 173 1768 V.
211 1702 326 1789 Legati
355 1707 467 1788 paucis
496 1705 607 1772 diebus
641 1707 681 1770 ad
711 1707 841 1770 Troiam
867 1707 1017 1770 ueniunt:

52 1807 149 1870 neque
178 1792 288 1853 tamen
316 1789 537 1854 Alexandrum
571 1791 606 1855 in
634 1792 706 1855 loco
735 1791 912 1855 offendere:
945 1811 1018 1853 eum

52 1891 184 1955 namque
206 1875 435 1957 properatione
456 1875 579 1959 navigii
607 1875 790 1940 inconsulte
812 1896 906 1938 usum
928 1874 1017 1937 venti

55 1955 89 2017 ad
110 1955 253 2052 Cyprum
277 1959 446 2042 appulere,
468 1959 553 2025 unde
576 1961 711 2043 sumptis
733 1959 858 2042 aliquot
879 1959 1015 2022 navibus
1028 1974 1053 2013 20

54 2037 244 2105 Phoenicem
278 2040 426 2124 delapsus
464 2042 670 2107 Sidoniorum
699 2063 823 2127 regem,
857 2042 913 2124 qui
944 2062 1017 2104 eum
1083 2083 1092 2096 κ.

53 2124 145 2188 amice
175 2129 374 2208 susceperat,
408 2130 507 2190 noctu
535 2126 660 2191 insidiis
694 2130 803 2209 necat,
833 2131 1016 2208 eademque,

53 2228 109 2288 qua
130 2209 217 2292 apud
238 2207 528 2295 Lacedaemonam,
559 2211 733 2294 cupiditate
758 2211 940 2276 universam
963 2211 1017 2275 do·

52 2313 132 2357 mum
155 2293 225 2357 eius
248 2297 283 2358 in
305 2294 408 2359 scelus
429 2296 596 2378 proprium
619 2296 787 2372 convertit.
830 2295 876 2359 ita
898 2295 1016 2378 omnia,

52 2397 125 2457 quac
148 2377 190 2440 ad
219 2379 471 2444 ostentationem
499 2380 606 2464 regiae
633 2380 892 2465 magnificentiae
916 2379 1016 2462 fuere,
1029 2395 1054 2435 25

52 2460 180 2546 indigne
210 2465 304 2545 rapta
332 2463 372 2527 ad
398 2484 497 2528 naves
524 2464 641 2528 deferri
668 2466 767 2530 iubet.
818 2463 873 2528 sed
900 2463 956 2528 ubi
978 2484 1017 2526 ex

52 2543 278 2612 lamentatione
311 2568 438 2632 eorum,
478 2549 533 2632 qui
567 2571 676 2613 casum
708 2549 831 2614 domini
864 2548 1016 2612 deflentes

52 2629 164 2713 reliqui
186 2631 323 2714 praedae
346 2632 554 2718 aufugerant,
582 2634 740 2699 tumultus
763 2637 852 2698 ortus
875 2637 938 2716 est,
960 2652 1017 2715 po·

50 2713 139 2793 pulus
162 2716 268 2780 onmis
295 2715 335 2780 ad
363 2719 485 2802 regiam
515 2719 685 2784 concurrit.
729 2719 820 2802 inde,
844 2716 1016 2800 quodiam

50 2797 228 2864 Alexander
255 2799 395 2884 abreptis
424 2823 505 2885 quae
535 2803 681 2886 cupierat
702 2804 922 2868 ascensionem
943 2816 1056 2883 pro-30

49 2884 186 2968 perabat,
208 2905 270 2968 pro
292 2890 437 2969 tempore
460 2887 574 2952 armati
596 2887 637 2952 ad
652 2909 750 2952 naves
772 2887 909 2950 veniunt
930 2888 1015 2949 orto-

49 2986 106 3047 que
128 2969 214 3033 intcr
237 2989 292 3033 eos
315 2971 381 3034 acri
403 2971 526 3054 proelio
550 2971 670 3036 cadunt
690 2971 852 3054 utrimque
873 2970 1015 3054 plurimi,

50 3071 118 3115 cum
147 3053 309 3118 obstinate
336 3054 372 3118 hi
399 3057 484 3141 regis
514 3077 626 3122 necem
655 3055 879 3140 defenderent,
901 3056 951 3136 hi,
973 3074 1015 3117 ne

111 3274 125 3321 1
149 3276 419 3327 consternebaturG
487 3279 503 3328 5
528 3278 627 3342 positis
651 3279 722 3342 libri,
749 3277 886 3342 impositis
912 3277 1015 3328 Perizo-

44 3341 97 3389 nius
173 3343 203 3393 18
221 3346 280 3392 tum
300 3342 347 3394 (ΞΒ
382 3359 443 3395 eum
461 3345 486 3394 P
563 3347 691 3396 leucum
707 3345 734 3393 P
770 3344 874 3395 usuid
908 3347 952 3394 usi
975 3343 1014 3399 B,·

47 3421 105 3456 eum
115 3424 237 3460 —usum
250 3409 394 3463 &cccmus
411 3413 572 3474 coniectura,
593 3411 732 3462 Obrecttuc
750 3427 763 3462 e
782 3411 852 3462 libris
869 3407 923 3461 cair
939 3412 1015 3460 recti-

46 3477 98 3524 tuit.
153 3477 185 3528 20
202 3477 364 3529 Dedericlruc
380 3484 474 3532 manau
493 3479 528 3530 ud
541 3479 696 3544 Aegyptum
748 3481 781 3529 30
799 3480 924 3542 cupierat
942 3478 1014 3526 edict.

49 3547 117 3604 cett,
137 3543 196 3594 libri
214 3544 355 3610 cupiebat.
