2414 3946
310 186 358 232 uu
381 186 443 232 orn
465 185 596 233 narrar
620 184 694 232 cae.
712 185 787 233 xrn.
991 168 1035 234 23

58 338 182 400 quaque
202 323 354 386 altitudine
374 326 413 384 ita
435 325 614 394 concordes,
636 333 669 384 ut
690 323 889 384 dulcissimam
913 323 1033 401 quidem

57 409 223 468 concinant
241 407 403 478 melodian,
427 408 479 469 sed
494 409 582 469 nobis
603 407 794 469 inaudibilem
814 414 938 486 propter
954 410 1035 468 vocis

57 492 312 565 magnitudinem,
334 511 421 568 quam
438 510 544 571 capere
559 495 674 554 aurium
690 500 860 553 nostrarum
881 494 1034 569 angustiae

57 589 126 632 non
142 575 261 649 possint.
292 592 360 634 nam
376 583 409 632 ut
423 574 634 636 Eratosthenes
649 578 826 652 geometrica
842 578 956 638 ratione
972 575 1034 638 col·
1051 590 1069 638 a

13 667 35 716 5
56 655 136 734 legit
151 659 308 720 maximum
325 666 422 718 terrae
439 660 594 719 circuitum
611 677 676 720 esse
691 659 854 722 stadiorum
869 660 1033 722 ducentum

59 743 274 820 quinquaginta
301 744 395 804 duum
421 742 548 812 milium,
579 745 618 804 ita
639 743 821 822 Pythagoras
843 750 915 821 quot
942 746 1035 806 stadia

57 827 143 886 inter
163 833 274 886 terram
295 837 325 888 et
346 826 476 904 singulas
490 826 589 888 stellas
610 837 709 889 essent
724 827 869 889 indicavit.
906 829 1034 890 stadium

59 916 162 970 autern
184 912 215 970 in
236 910 292 972 hac
312 912 413 971 mundi
435 929 575 972 mensura
601 911 630 971 id
653 913 838 990 potissimum
859 911 1033 991 intellegen-

59 993 135 1054 dum
151 1001 195 1055 est
210 995 290 1072 quod
305 994 438 1057 ltalicum
453 1003 568 1066 vocant,
585 997 694 1074 pedum
710 1004 915 1058 sescentorum
930 998 1033 1075 uiginti

4 1095 38 1143 ro
59 1079 208 1156 quinque:
232 1095 300 1139 narn
324 1088 393 1140 sunt
413 1087 567 1156 praeterea
589 1087 618 1140 et
639 1080 694 1141 alia
715 1079 898 1159 longitudine
920 1082 1031 1143 discre-

59 1164 179 1239 pantia,
202 1171 235 1223 ut
251 1162 454 1242 Olympicum,
477 1164 555 1244 quod
571 1171 616 1226 est
630 1165 737 1242 pedum
754 1172 939 1236 sescentum,
961 1167 1032 1227 item

58 1247 218 1326 Pythicum
233 1248 343 1325 pedum
358 1262 395 1309 M.
424 1249 513 1327 igitur
529 1248 565 1310 ab
582 1255 661 1310 terra
682 1249 718 1310 ad
734 1248 833 1310 lunam
849 1249 1032 1329 Pythagoras
1050 1267 1068 1314 a

57 1332 176 1408 putarit
200 1349 265 1393 esse
287 1332 449 1394 stadiorum
471 1333 588 1395 circiter
609 1339 727 1394 centurn
748 1335 849 1408 viginti
869 1353 921 1394 sex
941 1332 1031 1404 milia,

58 1415 152 1494 idque
178 1433 243 1476 esse
268 1419 332 1478 toni
359 1416 560 1486 intervallum
590 1417 696 1479 aluna
717 1425 817 1478 autern
844 1416 880 1478 ad
902 1418 1033 1480 Mercuri

4 1517 35 1567 [5
57 1499 193 1568 stellam,
209 1519 285 1578 quae
300 1501 409 1562 stilbon
424 1511 560 1572 vocatur,
578 1501 731 1564 dimidium
747 1503 826 1571 eius,
843 1501 922 1563 velut
936 1502 1032 1564 hemi-

57 1585 179 1652 tonion;
201 1585 271 1646 hinc
286 1587 323 1646 ad
339 1586 546 1665 phosphoron,
563 1605 639 1667 qnae
655 1592 700 1648 est
714 1585 837 1647 Veneris
852 1585 951 1658 stella,
968 1588 1032 1648 iere

56 1668 251 1739 tantundem,
272 1670 331 1731 hoc
346 1678 390 1732 est
410 1669 488 1732 aliud
509 1671 709 1740 hemitonium
732 1670 802 1732 inde
817 1689 909 1750 porro
931 1671 967 1733 ad
984 1691 1031 1733 so·

57 1755 120 1814 lem
142 1761 189 1814 ter
208 1761 339 1824 tantum,
363 1757 447 1834 quasi
467 1763 572 1816 tonum
594 1762 623 1816 et
643 1755 804 1816 dimidium.
846 1757 945 1836 itaque
961 1756 1067 1819 solist

57 1845 173 1899 astrum
196 1837 300 1900 abesse
321 1858 338 1900 a
360 1847 439 1900 terra
456 1847 541 1901 tonos
556 1847 618 1902 tres
640 1847 669 1900 et
683 1840 853 1909 dimidium,
885 1839 964 1918 quod
981 1860 1031 1902 vo-

4 1941 37 1988 ro
58 1931 147 1984 catur
169 1923 341 2002 diapente,
372 1923 474 1984 aluna
498 1931 595 1986 autem
611 1923 686 1985 duos
708 1931 737 1986 et
752 1924 920 1994 dimidium,
952 1925 1032 2003 quod

59 2015 108 2068 est
122 2007 170 2068 dia
184 2015 329 2069 tessaroo.
376 2026 391 2068 a
408 2006 561 2069 sole.vero
583 2008 619 2069 ad
640 2007 752 2070 stellam
767 2008 884 2078 Martis,
914 2010 961 2069 cni
976 2027 1030 2069 no-

56 2109 130 2152 men
144 2100 188 2153 est
198 2094 307 2172 pyrois,
322 2091 507 2154 tantumdem
522 2091 666 2154 intervalli
683 2111 748 2155 esse
761 2097 903 2171 quantum
919 2111 935 2152 a
948 2101 1032 2154 terra

57 2177 98 2237 ad
112 2175 222 2248 lunam,
239 2177 328 2255 idque
343 2177 442 2238 lacere
457 2185 564 2247 tonon;
587 2177 656 2238 hinc
672 2179 708 2238 ad
723 2177 798 2238 lovis
813 2175 938 2248 stellam,
953 2196 1032 2257 quae

57 2259 211 2338 phaethon
233 2260 413 2341 appellatur,
435 2261 589 2322 dimidium
606 2263 684 2332 eius,
708 2262 787 2341 quod
803 2263 891 2322 iaciat
905 2261 1031 2323 hemito-

4 2359 37 2410 25
57 2347 148 2414 nion;
172 2347 343 2408 tantundem
365 2365 381 2406 a
397 2348 464 2408 love
484 2347 521 2406 ad
537 2347 658 2408 Saturni
677 2345 807 2416 stellam,
830 2348 877 2407 cni
892 2347 1032 2425 phaenon

56 2447 170 2491 nomen
195 2438 253 2500 est,
285 2431 313 2491 id
337 2437 381 2492 est
401 2431 480 2492 aliud
501 2431 698 2500 hemitonium
727 2431 796 2492 inde
823 2431 859 2490 ad
880 2449 1030 2492 summum

57 2513 193 2584 caelum,
224 2514 276 2575 uhi
297 2516 380 2595 signa
401 2523 484 2586 sunt,
514 2516 638 2592 perinde
658 2516 851 2576 hemitonion,
898 2517 996 2595 itaque
1012 2528 1064 2578 an

130 2789 155 2839 1.
175 2800 302 2851 quaeque
314 2786 376 2850 DV,
395 2802 464 2839 corr.
478 2787 593 2838 Halmius
610 2789 666 2839 coll,
680 2787 810 2850 Maduipio
828 2787 864 2836 ad
876 2787 927 2837 Cio.
941 2789 973 2836 de
982 2789 1030 2848 fio.

54 2871 83 2919 p.
96 2857 147 2904 699
217 2857 242 2907 3.
262 2869 386 2918 caupone
399 2856 424 2905 D
492 2857 518 2904 4.
538 2854 765 2906 onesnossheues
783 2866 954 2919 oeomtrmca
971 2855 996 2903 D

55 2921 215 2987 colligitV
279 2923 303 2974 6.
323 2928 387 2986 quot
405 2919 573 2987 (tdinroa.)
592 2924 617 2972 D
687 2924 711 2972 ’1.
728 2922 832 2971 interra
853 2921 877 2970 V
946 2924 972 2972 9.
989 2937 1030 2972 ut·

54 3003 142 3056 cenat
160 2990 185 3039 D
256 2991 296 3040 12.
319 2989 440 3054 pediu-m·
465 2990 492 3039 V
559 2993 598 3041 13.
621 3003 730 3055 aroenae
752 2991 777 3039 D
847 2991 888 3040 14.
907 3001 1031 3041 mescone

55 3060 89 3116 D,
111 3056 243 3107 mercerii
261 3059 286 3118 d,
304 3056 435 3108 Mercurii
451 3058 479 3107 V
543 3059 584 3109 15.
604 3070 700 3108 sunnon
718 3057 743 3106 D
795 3070 963 3110 semirontou
975 3057 1035 3108 DV

56 3128 100 3178 1‘1.
120 3136 275 3177 eminenter
293 3127 326 3189 D,
345 3127 511 3178 semitonion
529 3126 577 3176 aV
593 3123 778 3188 (hemrnoutou
796 3127 820 3175 D
838 3132 897 3176 onte
914 3141 968 3176 rae.
986 3127 1031 3176 itio

55 3197 115 3244 loco
140 3196 185 3259 qui
201 3210 222 3244 o
244 3194 316 3244 nodia
339 3196 487 3260 adscriptus
511 3200 550 3244 eet
567 3195 604 3244 od
620 3209 649 3258 p.
668 3195 709 3255 25,
729 3193 763 3255 2)
834 3197 876 3245 19.
899 3205 1030 3245 cesanum

54 3261 206 3322 (ausuum
225 3262 362 3324 anteros.)
380 3264 406 3312 D
451 3309 452 3312 ,
474 3263 516 3312 20,
535 3261 671 3328 drapeuae
684 3260 746 3325 DV,
760 3258 810 3315 ,διὰ
823 3259 911 3314 πέντε
921 3265 994 3325 adpo

56 3331 101 3380 21.
127 3327 316 3381 hiaaessaaon
338 3330 405 3390 DV,
435 3326 479 3381 διὰ
496 3327 639 3395 τείεάρων
660 3319 732 3394 culpo
801 3329 843 3378 24.
866 3329 975 3395 phenou
994 3330 1028 3390 D,

56 3397 233 3474 phoetogV
297 3399 340 3450 25.
361 3397 472 3463 phonos
490 3398 546 3448 DV
613 3400 657 3450 26.
674 3399 717 3450 21.
735 3397 908 3450 homunculos
927 3399 952 3448 D
970 3404 1031 3448 eote

56 3479 127 3529 roe,
155 3464 322 3517 semitonios
340 3466 395 3516 dV
