2460 3940
161 190 204 255 34
467 187 599 240 morus
617 187 818 240 caarsnsm

161 341 233 406 nice
260 344 356 424 atque
385 339 474 404 omni
501 337 742 425 Myrmidonum
776 337 917 402 exercitu
945 358 1052 402 comas
1081 359 1131 403 se·

161 424 297 510 pulchro
330 424 465 507 deponit
496 427 727 508 pernoctatque
757 423 793 486 in
824 422 906 488 loco.
960 422 1131 506 peridem

161 515 290 594 temus
311 508 371 574 filii
386 508 589 591 Antimachi,
610 507 648 573 de
671 529 735 594 quo
758 529 855 591 supra
870 507 1131 591 memoravimus,

162 593 306 659 adiuncti
332 593 454 658 Priami
488 595 583 658 rebus
624 592 665 656 ad
691 591 852 656 Helenum
879 591 1014 656 veniunt
1041 613 1133 656 eum·

138 697 227 763 uque
249 681 287 743 ut
308 677 349 742 ad
370 678 544 744 amicitiam
565 699 638 742 eum
656 679 726 745 suis
751 676 861 741 redeat
882 676 1051 760 deprecati,
1072 678 1132 742 ubi

163 763 248 828 nihil
274 763 465 846 proficiunt,
495 761 536 826 ad
563 783 638 827 suos
660 765 838 826 remeantes
859 759 1010 828 Diomedi
1031 765 1130 846 atque

163 848 255 913 Aiaci
277 847 371 913 alteri
392 847 516 912 itineris
542 847 647 912 medio
671 849 856 912 occurrunt:
886 846 926 910 ab
949 846 1020 930 quis
1042 865 1129 912 oom-

160 933 314 1018 prehensi
341 932 549 1016 perductique
582 931 623 996 ad
656 952 769 1014 naves,
802 932 934 1014 quinam
961 934 1068 996 essent
1094 935 1131 995 et

163 1039 231 1082 rem
272 1018 313 1081 ob
348 1037 445 1102 quam
477 1020 634 1081 venerant
669 1037 797 1080 omnem
832 1014 1015 1100 expediunt.
1057 1019 1131 1080 turn

126 1121 151 1161 ro
164 1101 323 1166 recordati
351 1101 452 1184 patris
484 1122 595 1166 eorum
628 1104 661 1166 et
693 1121 774 1184 quae
802 1100 971 1165 adversum
1003 1100 1130 1185 legatos

164 1186 281 1251 dixerit
308 1185 502 1268 molitasque
531 1186 586 1265 sit,
614 1185 699 1250 tradi
724 1207 778 1250 eos
799 1183 1008 1269 popularibus
1031 1189 1129 1268 etque

164 1275 239 1336 ante
266 1273 473 1368 conspectum
500 1269 711 1335 barbarorum
737 1270 871 1353 produci
900 1269 1028 1352 iubent,
1054 1269 1132 1334 dein

163 1354 323 1440 lapidibus
350 1355 476 1420 mieclis
502 1355 620 1420 necari.
670 1355 798 1419 interim
827 1353 1003 1419 Alexandri
1029 1353 1130 1419 fimus

164 1462 222 1524 per
249 1445 376 1524 portam
402 1440 499 1504 aliam
521 1440 561 1504 ad
582 1437 755 1522 Oenonen,
777 1461 860 1524 quae
882 1439 912 1503 ei
934 1443 1009 1503 ante
1030 1437 1129 1503 Hele-

126 1545 151 1584 is
163 1546 227 1589 nae
253 1527 381 1608 raptum
401 1528 571 1607 nupserat,
600 1524 771 1590 necessarii
788 1525 848 1594 ,sui
870 1523 919 1589 uti
940 1523 1132 1608 sepeliretur

164 1608 340 1693 perferunt.
385 1609 441 1673 sed
467 1608 570 1672 fertur
597 1607 755 1673 Oenonen
782 1607 851 1673 viso
880 1608 1032 1673 cadavere
1054 1608 1133 1672 Ale-

164 1693 279 1758 xandri
300 1691 380 1757 adeo
402 1696 611 1776 commotam,
640 1693 689 1757 uti
710 1693 827 1758 amissa
848 1696 956 1758 mente
979 1693 1130 1776 obstupe·
1219 1709 1220 1760 l

164 1779 256 1843 fieret
283 1797 319 1841 ac
345 1776 502 1860 paulatim
534 1799 593 1861 per
619 1798 797 1843 maerorem
826 1777 993 1842 deficiente
1020 1777 1132 1843 animo

165 1861 355 1927 concideret.
410 1865 507 1944 atque
541 1861 588 1926 ita
619 1883 685 1927 uno
713 1862 888 1946 eodemque
915 1862 1028 1926 funere
1056 1883 1134 1927 cum

127 1966 154 2007 eo
165 1945 350 2011 Alexandro
373 1946 566 2030 contegitur.

249 2029 354 2095 XXII.
399 2029 549 2096 Ueterum
571 2030 717 2113 Troiani,
747 2031 802 2096 ubi
829 2031 931 2096 hostis
956 2031 1056 2094 muris
1083 2023 1134 2096 in-

165 2116 266 2182 festus
287 2115 391 2201 magis
413 2137 466 2179 ma
492 2116 579 2199 'sque
601 2115 718 2199 saevit,
747 2137 852 2200 neque
875 2116 939 2180 iam
960 2115 1135 2180 resistendi

165 2200 334 2265 moenibus
356 2221 430 2347 spica
451 2200 586 2264 uterina
614 2204 664 2264 eat
684 2204 740 2264 aut
762 2201 846 2264 vires
868 2200 992 2284 valent,
1022 2201 1134 2265 cuncti
1217 2207 1219 2292 l

166 2304 313 2368 proceres
336 2304 369 2348 ae
404 2283 527 2348 tionem
549 2284 700 2350 adversus
715 2284 880 2349 Priamum
903 2285 1064 2350 extollunt
1086 2289 1135 2350 at-

128 2388 154 2430 as
167 2389 229 2454 que
262 2368 330 2432 eius
363 2367 508 2452 regulos:
542 2370 679 2452 denique
711 2369 813 2434 accito
845 2372 959 2434 Aenea
991 2369 1134 2468 filiisque
1217 2415 1218 2436 1

166 2452 343 2518 Antenoris
372 2452 548 2532 decernunt
571 2454 657 2518 inter
677 2475 728 2537 se,
756 2454 805 2518 uti
827 2453 954 2519 Helena
975 2475 1048 2518 cum
1070 2454 1134 2538 his,

167 2558 249 2621 quae
277 2537 386 2602 ablata
412 2542 520 2621 erant,
549 2539 589 2603 ad
611 2537 794 2603 Menelaum
822 2539 998 2604 duceretur.
1040 2539 1134 2686 pund

190 2626 337 2706 ostquam
369 2621 559 2706 Deiphobus
598 2624 766 2708 cognovit,
802 2623 987 2688 traductam
1020 2645 1040 2688 a
1098 2645 1133 2689 se
1216 2679 1217 2684 ,

199 2706 325 2772 elenam
341 2708 548 2773 matrimonio
570 2708 632 2772 sibi
653 2706 752 2772 adiun
778 2709 809 2772 't
847 2711 987 2773 ceterum
1009 2707 1134 2794 ingres·

128 2809 154 2851 eo
167 2813 221 2856 sus
243 2791 418 2858 concilium
438 2793 601 2876 Priamus,
624 2792 681 2856 ubi
701 2811 756 2857 mu
769 2796 803 2856 ta
824 2794 865 2857 ab
886 2795 999 2856 Aenea
1020 2797 1134 2858 contn-

166 2876 300 2942 meliosa
320 2877 447 2964 ingesta
468 2882 552 2962 sunt,
575 2877 616 2942 ad
636 2880 835 2960 postremum
857 2899 897 2942 ex
912 2876 1039 2942 consilii
1061 2899 1135 2943 sen-

167 2961 270 3026 tentia
296 2962 386 3028 iubet
414 2962 455 3028 ad
482 2963 621 3028 Graecos
650 2983 721 3026 eum
750 2961 909 3027 mandatis
936 2961 1014 3026 belli
1037 2961 1135 3046 depo-
1215 3013 1216 3020 ,

166 3044 265 3110 nendi
293 3047 340 3110 ire
367 3049 584 3112 Antenorem:
613 3047 669 3131 qui
698 3068 737 3111 ex
763 3047 864 3112 muris
891 3047 1020 3132 signum
1047 3047 1134 3133 lega

166 3131 266 3196 tionis
294 3131 482 3214 ostendens,
516 3131 572 3195 ubi
604 3153 624 3195 a
655 3131 775 3196 nostris
807 3153 967 3197 recessum
999 3136 1062 3215 est,
1093 3133 1135 3198 ad

130 3230 267 3280 senaves
289 3215 388 3280 venit.
434 3216 489 3280 ubi
517 3215 657 3301 benigne
684 3215 840 3282 salutatus
862 3221 959 3301 atque
981 3220 1134 3302 exceptus

235 3405 251 3450 3
274 3401 307 3452 de
331 3403 429 3468 quibus
451 3405 507 3455 PV
584 3407 616 3456 14
643 3419 693 3472 per
715 3410 824 3470 partem
852 3405 937 3457 aliam
962 3410 1060 3472 portae
1085 3406 1134 3458 013

166 3473 279 3518 noeman
296 3470 455 3522 Dedericlmc
520 3474 551 3524 14
571 3474 602 3522 16
625 3477 770 3524 tecnonem
789 3474 812 3526 d
878 3477 910 3526 31
928 3473 958 3528 in
980 3473 1135 3524 concilii&

168 3548 241 3586 cons.
260 3535 286 3584 B
322 3551 358 3587 ex
375 3552 449 3588 cons.
470 3539 526 3589 VP.
