2416 3944
168 161 210 226 50
475 161 606 214 DICTYS
627 161 828 214 CRETENSIS

169 311 337 376 liberius
328 332 474 376 incusare
503 311 636 394 atque
626 331 805 394 inerepare,
837 311 959 392 quod
950 333 985 375 m
1007 314 1138 409 magnis

169 395 406 460 discriminibus
429 417 559 460 suorum
577 395 660 460 nihil
682 395 866 460 iracundiae
887 396 1057 479 remiserit,
1081 419 1137 481 po·

168 479 267 544 tuerit
268 501 329 564 que
358 480 479 544 cladem
502 481 622 546 exercit
623 502 659 544 us
680 480 821 563 perpeti,
848 501 920 545 cum
944 501 1018 544 eum
1039 483 1136 546 mulli

169 565 278 648 amici,
301 565 432 649 plurimi
455 565 552 648 etiam
575 565 727 628 adfinium
755 565 901 629 obvoluti
921 567 1062 650 genibus
1086 567 1137 630 de-

143 653 383 746 sprecarentur.
421 653 495 732 post
517 671 612 732 quem
634 647 745 714 Ulixes
772 649 829 713 illa
850 650 979 734 quidem
1002 651 1138 715 deornm

169 756 237 798 esse
259 735 319 817 uit,
343 755 454 798 eorum
469 738 585 817 autem,
609 755 689 830 quae
711 733 747 798 in
767 735 902 799 consilio
925 738 997 800 acta
1019 741 1138 818 essent,

169 819 281 884 ordine
304 819 465 902 expos1t0,
494 840 575 903 quae
605 818 702 882 etiam
723 821 949 904 Agamemnon
970 820 1139 902 pollicitus

170 922 315 1000 quaeque
338 904 474 968 iurasset
495 904 534 966 ad
549 906 748 987 postremum
770 908 850 986 orat,
872 925 913 968 ne
935 925 1048 987 preces
1072 927 1140 970 om-

169 988 260 1051 nium
293 1009 374 1051 neve
409 987 532 1052 oblatas
567 988 697 1071 nuptias
725 992 962 1071 aspernaretur,
995 1009 1140 1073 moxque

132 1092 281 1136 meorum
309 1072 468 1155 omnium,
504 1093 585 1155 quae
612 1094 677 1136 una
705 1072 935 1156 offerebantur,
971 1094 1140 1138 enumera

169 1157 292 1221 tionem
314 1155 400 1221 facit.

253 1241 306 1306 LI.
350 1241 432 1305 Tum
454 1240 597 1305 Achilles
625 1241 755 1325 longam
789 1261 921 1306 exorsus
955 1242 1140 1307 orationem

167 1327 307 1410 primum
336 1327 479 1391 omnium
513 1329 584 1390 aeta
616 1329 769 1410 gestaque
797 1347 854 1390 sua
882 1347 1053 1408 exponere.
1099 1350 1138 1392 ae

169 1411 242 1474 deii
265 1432 463 1494 ammonere,
487 1432 572 1495 quan
574 1414 623 1474 tas
639 1431 807 1474 aerumnas
829 1431 888 1494 pro
904 1410 1046 1475 utilitate
1071 1434 1140 1476 om-

133 1515 156 1554 15
170 1496 261 1558 nium
294 1496 478 1592 pertulerit,
516 1517 595 1578 quas
629 1495 775 1559 civitates
809 1515 979 1592 aggressus
1015 1498 1140 1579 ceperit

171 1579 294 1643 cunetis
321 1580 450 1642 interim
479 1579 788 1726 requiescentibus
779 1601 847 1662 rpse
869 1580 985 1644 anxius
1007 1602 1046 1644 ae
1070 1581 1140 1645 dies

167 1667 342 1746 noctesque
369 1663 494 1727 bello'
486 1685 520 1726 1n
522 1666 591 1727 tten
592 1685 644 1726 us:
680 1669 712 1727 11
739 1684 812 1728 cum
844 1685 949 1747 neque
977 1665 1140 1730 militibus

168 1749 234 1812 suis
249 1769 353 1845 neque
376 1747 468 1812 sibi
459 1769 528 1830 1pse
543 1751 697 1831 parceret,
721 1751 900 1831 asportatas
922 1749 1140 1846 nihilominus

189 1831 332 1896 raedas
323 1854 358 1896 m
381 1853 550 1897 commune
573 1833 704 1896 solitum
726 1832 885 1929 redigere:
907 1853 967 1930 pro
981 1834 1064 1930 quis
1087 1857 1140 1899 so-

131 1855 235 1981 alum
265 1917 409 1982 omnium
436 1938 470 1980 se
499 1917 581 1981 elect
567 1920 651 2000 t,um
686 1917 742 2001 qui
774 1918 876 1980 tam
867 1918 989 2002 msigni
1017 1919 1142 1983 iniuria
1206 1957 1207 1988 ;

168 2001 447 2084 dehonestaretur,
470 2001 574 2066 solum
596 2003 642 2065 ita
663 2005 900 2098 contemptum,
927 2025 947 2066 a
969 2024 1034 2085 quo
1056 2002 1141 2086 Hip-

191 2087 317 2152 odamia
343 2092 394 2152 tot
420 2053 567 2184 liborum
596 2085 735 2168 pretium
766 2107 825 2169 per
852 2052 988 2150 dedecus
1016 2087 1141 2152 abstra-

166 2110 312 2236 heretur:
335 2193 440 2269 neque
461 2171 497 2234 in
519 2191 557 2234 ea
578 2170 672 2253 culpa
699 2170 804 2235 solum
826 2192 893 2236 esse
916 2172 1140 2272 Agamemno·
1205 2231 1206 2234 ,

166 2278 241 2319 nem
270 2255 325 2319 sed
351 2256 489 2318 maxime
527 2258 649 2318 ceteros
683 2254 839 2338 Graecos,
873 2255 929 2338 qui
969 2256 1140 2322 immemo-

129 2361 155 2399 25
168 2361 218 2402 res
244 2339 472 2404 beneficiorum
506 2338 733 2403 contumeliam
765 2360 856 2403 suam
884 2340 1014 2405 silentio
1045 2363 1141 2424 prae·

167 2423 322 2488 terierint.
360 2427 532 2506 postquam
553 2424 651 2486 finem
673 2423 827 2506 loquendi
848 2422 935 2506 fecit,
912 2423 1138 2491 tDiomedes

165 2509 325 2591 „praeteri
361 2510 380 2543 “
402 2508 448 2604 ait
467 2507 580 2590 „omitt
552 2506 664 2571 ttenda
685 2512 761 2572 sunt
780 2529 885 2591 neque
908 2512 1039 2591 oportet
1060 2533 1138 2593 pru·
1204 2511 1205 2550 l

167 2592 296 2657 dentem
331 2592 514 2690 meminisse
542 2595 791 2674 transactorum,
826 2591 955 2676 quando
984 2613 1039 2677 ea,
1075 2597 1139 2658 etsi
1204 2627 1205 2638 ¹

166 2678 305 2742 maxime
328 2698 367 2741 ou
390 2677 449 2760 iae,
463 2698 603 2774 nequeas
618 2697 777 2741 revocare.
781 2677 800 2712 “
843 2677 893 2741 int
879 2680 967 2741 terea
983 2643 1137 2745 Plioenix

128 2781 153 2822 ao
167 2766 200 2826 et
221 2783 293 2826 cum
316 2784 354 2827 eo
367 2700 537 2858 l'atroclus
560 2761 801 2826 circumstantes
823 2781 923 2845 genas
946 2771 1044 2846 atque
1069 2785 1138 2828 om-

166 2869 241 2912 nem
263 2847 426 2912 vultum
416 2846 555 2927 ruvenis,
583 2867 698 2910 manus
720 2845 913 2929 adosculari,
944 2847 1139 2944 contingere

167 2953 287 3016 genna,
311 2931 429 2997 rediret
415 2933 491 2996 tin
512 2931 649 3016 gratiam
676 2933 772 3027 atque
801 2930 928 2995 animos
956 2931 1141 2998 remitteret

166 3037 239 3079 cum
260 3021 393 3099 propter
414 3019 613 3099 praesentes,
636 3013 692 3097 qui
713 3034 788 3077 eum
810 3018 937 3079 oratum
959 3017 1138 3101 venissent,

164 3103 236 3166 tum
262 3101 433 3184 praecipue
468 3101 509 3164 ob
544 3101 625 3164 bene
659 3098 697 3162 de
730 3119 764 3162 se
791 3100 942 3163 meritum
975 3068 1140 3185 reliquuni

129 3204 154 3244 11
168 3185 351 3251 exercitum.

234 3443 327 3493 3iam
347 3449 407 3504 poet
430 3439 509 3490 multi
532 3454 600 3489 eros.
625 3439 696 3490 iud
770 3441 803 3490 31
825 3441 953 3491 munuG
993 3455 1096 3494 monus
1113 3441 1141 3491 B

165 3523 318 3574 manusque
336 3510 396 3559 edit.
420 3508 509 3560 Vener.
527 3509 603 3557 moe.
