<?xml version="1.0" encoding="UTF-8"?>
<!DOCTYPE html PUBLIC "-//W3C//DTD XHTML 1.0 Transitional//EN"
    "http://www.w3.org/TR/xhtml1/DTD/xhtml1-transitional.dtd">
<html xmlns="http://www.w3.org/1999/xhtml" xml:lang="en" lang="en">
 <head>
  <title>
</title>
<meta http-equiv="Content-Type" content="text/html;charset=utf-8" />
  <meta name='ocr-system' content='tesseract 3.04.00' />
  <meta name='ocr-capabilities' content='ocr_page ocr_carea ocr_par ocr_line ocrx_word'/>
</head>
<body>
  <div class='ocr_page' id='page_1' title='image "./ephemeridosbell00meisgoog_0236.png"; bbox 0 0 2414 3946; ppageno 0'>
   <div class='ocr_carea' id='block_1_1' title="bbox 322 196 1042 262">
    <p class='ocr_par' dir='ltr' id='par_1_1' title="bbox 322 196 1042 262">
     <span class='ocr_line' id='line_1_1' title="bbox 322 196 1042 262; baseline 0.008 -6"><span class='ocrx_word' id='word_1_1' title='bbox 322 209 369 256; x_wconf 84' lang='lat' dir='ltr'>ou</span> <span class='ocrx_word' id='word_1_2' title='bbox 392 209 453 256; x_wconf 82' lang='lat' dir='ltr'>orn</span> <span class='ocrx_word' id='word_1_3' title='bbox 476 209 608 258; x_wconf 74' lang='lat' dir='ltr'>nurum</span> <span class='ocrx_word' id='word_1_4' title='bbox 631 210 705 258; x_wconf 78' lang='lat' dir='ltr'>cur.</span> <span class='ocrx_word' id='word_1_5' title='bbox 723 212 795 259; x_wconf 79' lang='lat' dir='ltr'>xxi.</span> <span class='ocrx_word' id='word_1_6' title='bbox 1000 196 1042 262; x_wconf 85' lang='lat'>45</span> 
     </span>
    </p>
   </div>
   <div class='ocr_carea' id='block_1_2' title="bbox 13 347 1077 2457">
    <p class='ocr_par' dir='ltr' id='par_1_2' title="bbox 13 347 1077 2457">
     <span class='ocr_line' id='line_1_2' title="bbox 62 347 1040 430; baseline 0 -20"><span class='ocrx_word' id='word_1_7' title='bbox 62 349 103 410; x_wconf 91' lang='lat' dir='ltr'>ad</span> <span class='ocrx_word' id='word_1_8' title='bbox 136 347 334 427; x_wconf 82' lang='lat' dir='ltr'><strong>olympiadem</strong></span> <span class='ocrx_word' id='word_1_9' title='bbox 355 349 481 426; x_wconf 89' lang='lat' dir='ltr'>primam</span> <span class='ocrx_word' id='word_1_10' title='bbox 507 347 596 428; x_wconf 91' lang='lat' dir='ltr'>paulo</span> <span class='ocrx_word' id='word_1_11' title='bbox 623 349 689 428; x_wconf 91' lang='lat' dir='ltr'>plus</span> <span class='ocrx_word' id='word_1_12' title='bbox 710 361 804 410; x_wconf 82' lang='lat' dir='ltr'>cccc,</span> <span class='ocrx_word' id='word_1_13' title='bbox 851 369 926 430; x_wconf 90' lang='lat' dir='ltr'>quos</span> <span class='ocrx_word' id='word_1_14' title='bbox 952 349 1040 422; x_wconf 93' lang='lat' dir='ltr'>solos,</span> 
     </span>
     <span class='ocr_line' id='line_1_3' title="bbox 63 432 1041 515; baseline 0.002 -21"><span class='ocrx_word' id='word_1_15' title='bbox 63 435 207 513; x_wconf 90' lang='lat' dir='ltr'>quamvis</span> <span class='ocrx_word' id='word_1_16' title='bbox 228 432 351 512; x_wconf 80' lang='lat' dir='ltr'>mythici</span> <span class='ocrx_word' id='word_1_17' title='bbox 366 435 509 512; x_wconf 89' lang='lat' dir='ltr'>temporis</span> <span class='ocrx_word' id='word_1_18' title='bbox 529 441 712 511; x_wconf 90' lang='lat' dir='ltr'>postremos,</span> <span class='ocrx_word' id='word_1_19' title='bbox 743 443 841 495; x_wconf 91' lang='lat' dir='ltr'>tamen</span> <span class='ocrx_word' id='word_1_20' title='bbox 858 435 924 515; x_wconf 89' lang='lat' dir='ltr'>quia</span> <span class='ocrx_word' id='word_1_21' title='bbox 947 453 1041 496; x_wconf 90' lang='lat' dir='ltr'>ame-</span> 
     </span>
     <span class='ocr_line' id='line_1_4' title="bbox 62 517 1042 598; baseline 0.003 -20"><span class='ocrx_word' id='word_1_22' title='bbox 62 519 167 578; x_wconf 89' lang='lat' dir='ltr'>moria</span> <span class='ocrx_word' id='word_1_23' title='bbox 203 519 382 597; x_wconf 92' lang='lat' dir='ltr'>scriptorum</span> <span class='ocrx_word' id='word_1_24' title='bbox 419 520 570 595; x_wconf 86' lang='lat' dir='ltr'>proximos</span> <span class='ocrx_word' id='word_1_25' title='bbox 612 517 731 598; x_wconf 87' lang='lat' dir='ltr'>quidam</span> <span class='ocrx_word' id='word_1_26' title='bbox 768 520 879 580; x_wconf 89' lang='lat' dir='ltr'>certius</span> <span class='ocrx_word' id='word_1_27' title='bbox 920 518 1042 581; x_wconf 86' lang='lat' dir='ltr'>delinire</span> 
     </span>
     <span class='ocr_line' id='line_1_5' title="bbox 62 600 1076 681; baseline 0.004 -19"><span class='ocrx_word' id='word_1_28' title='bbox 62 600 239 664; x_wconf 90' lang='lat' dir='ltr'>voluerunt.</span> <span class='ocrx_word' id='word_1_29' title='bbox 284 608 313 662; x_wconf 94' lang='lat' dir='ltr'>et</span> <span class='ocrx_word' id='word_1_30' title='bbox 342 602 460 680; x_wconf 89' lang='lat' dir='ltr'>quidem</span> <span class='ocrx_word' id='word_1_31' title='bbox 491 602 624 664; x_wconf 87' lang='lat' dir='ltr'>Sosibius</span> <span class='ocrx_word' id='word_1_32' title='bbox 654 605 773 681; x_wconf 82' lang='lat' dir='ltr'><strong>scripsit</strong></span> <span class='ocrx_word' id='word_1_33' title='bbox 802 621 866 665; x_wconf 91' lang='lat' dir='ltr'>esse</span> <span class='ocrx_word' id='word_1_34' title='bbox 897 615 1076 674; x_wconf 62' lang='lat' dir='ltr'>coenosus</span> 
     </span>
     <span class='ocr_line' id='line_1_6' title="bbox 25 686 1042 766; baseline 0.002 -18"><span class='ocrx_word' id='word_1_35' title='bbox 25 686 284 748; x_wconf 74' lang='lat' dir='ltr'>tEratosthenes</span> <span class='ocrx_word' id='word_1_36' title='bbox 311 693 409 748; x_wconf 89' lang='lat' dir='ltr'>autern</span> <span class='ocrx_word' id='word_1_37' title='bbox 430 694 543 766; x_wconf 84' lang='lat' dir='ltr'><strong>septem</strong></span> <span class='ocrx_word' id='word_1_38' title='bbox 571 695 599 746; x_wconf 91' lang='lat' dir='ltr'>et</span> <span class='ocrx_word' id='word_1_39' title='bbox 626 687 872 766; x_wconf 88' lang='lat' dir='ltr'>quadringentos,</span> <span class='ocrx_word' id='word_1_40' title='bbox 903 687 1042 750; x_wconf 85' lang='lat' dir='ltr'>Timaeus</span> 
     </span>
     <span class='ocr_line' id='line_1_7' title="bbox 63 771 1041 851; baseline 0.001 -18"><span class='ocrx_word' id='word_1_41' title='bbox 63 784 245 842; x_wconf 81' lang='lat' dir='ltr'>ccccxvii,</span> <span class='ocrx_word' id='word_1_42' title='bbox 261 772 366 832; x_wconf 83' lang='lat' dir='ltr'>Aretes</span> <span class='ocrx_word' id='word_1_43' title='bbox 381 785 497 841; x_wconf 80' lang='lat' dir='ltr'>nxiur,</span> <span class='ocrx_word' id='word_1_44' title='bbox 515 780 544 832; x_wconf 89' lang='lat' dir='ltr'>et</span> <span class='ocrx_word' id='word_1_45' title='bbox 557 780 711 850; x_wconf 87' lang='lat' dir='ltr'>praeterea</span> <span class='ocrx_word' id='word_1_46' title='bbox 728 771 811 832; x_wconf 92' lang='lat' dir='ltr'>multi</span> <span class='ocrx_word' id='word_1_47' title='bbox 826 772 951 843; x_wconf 85' lang='lat' dir='ltr'>diverse,</span> <span class='ocrx_word' id='word_1_48' title='bbox 969 790 1041 851; x_wconf 92' lang='lat' dir='ltr'>quo-</span> 
     </span>
     <span class='ocr_line' id='line_1_8' title="bbox 64 855 1077 934; baseline 0.005 -20"><span class='ocrx_word' id='word_1_49' title='bbox 64 873 138 918; x_wconf 91' lang='lat' dir='ltr'>rum</span> <span class='ocrx_word' id='word_1_50' title='bbox 163 857 249 918; x_wconf 90' lang='lat' dir='ltr'>etiam</span> <span class='ocrx_word' id='word_1_51' title='bbox 269 856 333 934; x_wconf 89' lang='lat' dir='ltr'>ipsa</span> <span class='ocrx_word' id='word_1_52' title='bbox 350 855 493 916; x_wconf 88' lang='lat' dir='ltr'>dissensio</span> <span class='ocrx_word' id='word_1_53' title='bbox 509 857 656 917; x_wconf 90' lang='lat' dir='ltr'>incertum</span> <span class='ocrx_word' id='word_1_54' title='bbox 679 874 744 917; x_wconf 89' lang='lat' dir='ltr'>esse</span> <span class='ocrx_word' id='word_1_55' title='bbox 760 855 898 918; x_wconf 89' lang='lat' dir='ltr'>declarat.</span> <span class='ocrx_word' id='word_1_56' title='bbox 931 857 967 918; x_wconf 89' lang='lat' dir='ltr'>de</span> <span class='ocrx_word' id='word_1_57' title='bbox 983 865 1041 918; x_wconf 91' lang='lat' dir='ltr'>ter·</span> <span class='ocrx_word' id='word_1_58' title='bbox 1060 869 1077 919; x_wconf 84' lang='lat'>4</span> 
     </span>
     <span class='ocr_line' id='line_1_9' title="bbox 64 940 1042 1021; baseline 0.001 -21"><span class='ocrx_word' id='word_1_59' title='bbox 64 942 109 1001; x_wconf 92' lang='lat' dir='ltr'>tio</span> <span class='ocrx_word' id='word_1_60' title='bbox 133 947 234 1002; x_wconf 91' lang='lat' dir='ltr'>autem</span> <span class='ocrx_word' id='word_1_61' title='bbox 249 946 385 1018; x_wconf 91' lang='lat' dir='ltr'>tempore</span> <span class='ocrx_word' id='word_1_62' title='bbox 400 941 455 1000; x_wconf 86' lang='lat' dir='ltr'>luit</span> <span class='ocrx_word' id='word_1_63' title='bbox 470 940 587 1019; x_wconf 89' lang='lat' dir='ltr'>quidem</span> <span class='ocrx_word' id='word_1_64' title='bbox 609 940 706 1021; x_wconf 89' lang='lat' dir='ltr'>aliqua</span> <span class='ocrx_word' id='word_1_65' title='bbox 726 942 804 1001; x_wconf 91' lang='lat' dir='ltr'>inter</span> <span class='ocrx_word' id='word_1_66' title='bbox 826 949 962 1002; x_wconf 86' lang='lat' dir='ltr'>auctores</span> <span class='ocrx_word' id='word_1_67' title='bbox 984 941 1042 1002; x_wconf 92' lang='lat' dir='ltr'>dis-</span> 
     </span>
     <span class='ocr_line' id='line_1_10' title="bbox 66 1025 1076 1103; baseline 0.003 -19"><span class='ocrx_word' id='word_1_68' title='bbox 66 1027 173 1086; x_wconf 87' lang='lat' dir='ltr'>sensio</span> <span class='ocrx_word' id='word_1_69' title='bbox 199 1026 229 1085; x_wconf 95' lang='lat' dir='ltr'>in</span> <span class='ocrx_word' id='word_1_70' title='bbox 251 1043 302 1086; x_wconf 89' lang='lat' dir='ltr'>sex</span> <span class='ocrx_word' id='word_1_71' title='bbox 324 1031 473 1103; x_wconf 82' lang='lat' dir='ltr'>septemve</span> <span class='ocrx_word' id='word_1_72' title='bbox 495 1025 698 1086; x_wconf 88' lang='lat' dir='ltr'>tantummodo</span> <span class='ocrx_word' id='word_1_73' title='bbox 725 1027 810 1086; x_wconf 88' lang='lat' dir='ltr'>annis</span> <span class='ocrx_word' id='word_1_74' title='bbox 830 1033 961 1086; x_wconf 87' lang='lat' dir='ltr'>versata:</span> <span class='ocrx_word' id='word_1_75' title='bbox 990 1027 1076 1088; x_wconf 72' lang='lat' dir='ltr'>sede</span> 
     </span>
     <span class='ocr_line' id='line_1_11' title="bbox 13 1107 1041 1190; baseline 0.001 -20"><span class='ocrx_word' id='word_1_76' title='bbox 13 1123 47 1171; x_wconf 92' lang='lat'>10</span> <span class='ocrx_word' id='word_1_77' title='bbox 66 1109 127 1170; x_wconf 88' lang='lat' dir='ltr'>hoe</span> <span class='ocrx_word' id='word_1_78' title='bbox 149 1109 359 1189; x_wconf 87' lang='lat' dir='ltr'>quodcumque</span> <span class='ocrx_word' id='word_1_79' title='bbox 380 1107 515 1187; x_wconf 91' lang='lat' dir='ltr'>caliginis</span> <span class='ocrx_word' id='word_1_80' title='bbox 529 1109 623 1170; x_wconf 88' lang='lat' dir='ltr'>Varro</span> <span class='ocrx_word' id='word_1_81' title='bbox 645 1110 795 1188; x_wconf 88' lang='lat' dir='ltr'>discussit,</span> <span class='ocrx_word' id='word_1_82' title='bbox 818 1117 847 1171; x_wconf 91' lang='lat' dir='ltr'>et</span> <span class='ocrx_word' id='word_1_83' title='bbox 866 1128 921 1190; x_wconf 91' lang='lat' dir='ltr'>pro</span> <span class='ocrx_word' id='word_1_84' title='bbox 944 1119 1041 1172; x_wconf 89' lang='lat' dir='ltr'>cetera</span> 
     </span>
     <span class='ocr_line' id='line_1_12' title="bbox 67 1194 1042 1272; baseline 0 -17"><span class='ocrx_word' id='word_1_85' title='bbox 67 1212 124 1256; x_wconf 91' lang='lat' dir='ltr'>sua</span> <span class='ocrx_word' id='word_1_86' title='bbox 140 1195 302 1272; x_wconf 88' lang='lat' dir='ltr'>sagacitate</span> <span class='ocrx_word' id='word_1_87' title='bbox 318 1211 397 1254; x_wconf 90' lang='lat' dir='ltr'>nunc</span> <span class='ocrx_word' id='word_1_88' title='bbox 419 1194 601 1255; x_wconf 80' lang='lat' dir='ltr'>diversarum</span> <span class='ocrx_word' id='word_1_89' title='bbox 618 1194 775 1255; x_wconf 90' lang='lat' dir='ltr'>civitatium</span> <span class='ocrx_word' id='word_1_90' title='bbox 796 1194 953 1256; x_wconf 84' lang='lat' dir='ltr'>conferens</span> <span class='ocrx_word' id='word_1_91' title='bbox 969 1203 1042 1255; x_wconf 89' lang='lat' dir='ltr'>tem-</span> 
     </span>
     <span class='ocr_line' id='line_1_13' title="bbox 66 1277 1041 1358; baseline 0.002 -20"><span class='ocrx_word' id='word_1_92' title='bbox 66 1297 161 1357; x_wconf 87' lang='lat' dir='ltr'>pora,</span> <span class='ocrx_word' id='word_1_93' title='bbox 189 1296 271 1339; x_wconf 93' lang='lat' dir='ltr'>nunc</span> <span class='ocrx_word' id='word_1_94' title='bbox 291 1277 425 1339; x_wconf 87' lang='lat' dir='ltr'>deiectus</span> <span class='ocrx_word' id='word_1_95' title='bbox 446 1296 609 1358; x_wconf 91' lang='lat' dir='ltr'>eorumque</span> <span class='ocrx_word' id='word_1_96' title='bbox 629 1278 783 1340; x_wconf 89' lang='lat' dir='ltr'>intervalla</span> <span class='ocrx_word' id='word_1_97' title='bbox 804 1287 886 1340; x_wconf 90' lang='lat' dir='ltr'>retro</span> <span class='ocrx_word' id='word_1_98' title='bbox 909 1279 1041 1340; x_wconf 91' lang='lat' dir='ltr'>dinume-</span> 
     </span>
     <span class='ocr_line' id='line_1_14' title="bbox 66 1360 1043 1443; baseline 0.002 -22"><span class='ocrx_word' id='word_1_99' title='bbox 66 1380 142 1424; x_wconf 84' lang='lat' dir='ltr'>rans</span> <span class='ocrx_word' id='word_1_100' title='bbox 164 1364 242 1424; x_wconf 89' lang='lat' dir='ltr'>eruit</span> <span class='ocrx_word' id='word_1_101' title='bbox 256 1379 358 1424; x_wconf 86' lang='lat' dir='ltr'>verum</span> <span class='ocrx_word' id='word_1_102' title='bbox 379 1360 536 1442; x_wconf 90' lang='lat' dir='ltr'>lucemque</span> <span class='ocrx_word' id='word_1_103' title='bbox 552 1363 691 1434; x_wconf 75' lang='lat' dir='ltr'>ostendit,</span> <span class='ocrx_word' id='word_1_104' title='bbox 714 1381 769 1440; x_wconf 90' lang='lat' dir='ltr'>per</span> <span class='ocrx_word' id='word_1_105' title='bbox 790 1381 879 1443; x_wconf 90' lang='lat' dir='ltr'>quarn</span> <span class='ocrx_word' id='word_1_106' title='bbox 899 1380 1043 1424; x_wconf 88' lang='lat' dir='ltr'>numerus</span> 
     </span>
     <span class='ocr_line' id='line_1_15' title="bbox 68 1447 1041 1527; baseline -0.001 -19"><span class='ocrx_word' id='word_1_107' title='bbox 68 1455 174 1508; x_wconf 85' lang='lat' dir='ltr'>certus</span> <span class='ocrx_word' id='word_1_108' title='bbox 194 1465 255 1507; x_wconf 91' lang='lat' dir='ltr'>non</span> <span class='ocrx_word' id='word_1_109' title='bbox 275 1464 422 1507; x_wconf 90' lang='lat' dir='ltr'>annorum</span> <span class='ocrx_word' id='word_1_110' title='bbox 438 1447 526 1508; x_wconf 90' lang='lat' dir='ltr'>modo</span> <span class='ocrx_word' id='word_1_111' title='bbox 542 1447 593 1508; x_wconf 91' lang='lat' dir='ltr'>sed</span> <span class='ocrx_word' id='word_1_112' title='bbox 611 1454 640 1507; x_wconf 89' lang='lat' dir='ltr'>et</span> <span class='ocrx_word' id='word_1_113' title='bbox 655 1447 771 1508; x_wconf 88' lang='lat' dir='ltr'>dierum</span> <span class='ocrx_word' id='word_1_114' title='bbox 791 1447 920 1527; x_wconf 83' lang='lat' dir='ltr'>perspici</span> <span class='ocrx_word' id='word_1_115' title='bbox 940 1449 1041 1526; x_wconf 89' lang='lat' dir='ltr'>possit.</span> 
     </span>
     <span class='ocr_line' id='line_1_16' title="bbox 16 1529 1076 1611; baseline 0 -18"><span class='ocrx_word' id='word_1_116' title='bbox 16 1543 50 1593; x_wconf 82' lang='lat'>15</span> <span class='ocrx_word' id='word_1_117' title='bbox 69 1532 238 1594; x_wconf 88' lang='lat' dir='ltr'>seeundum</span> <span class='ocrx_word' id='word_1_118' title='bbox 265 1549 352 1611; x_wconf 88' lang='lat' dir='ltr'>quam</span> <span class='ocrx_word' id='word_1_119' title='bbox 376 1533 521 1593; x_wconf 90' lang='lat' dir='ltr'>rationem</span> <span class='ocrx_word' id='word_1_120' title='bbox 547 1533 605 1593; x_wconf 92' lang='lat' dir='ltr'>nisi</span> <span class='ocrx_word' id='word_1_121' title='bbox 632 1529 718 1593; x_wconf 90' lang='lat' dir='ltr'>lallor</span> <span class='ocrx_word' id='word_1_122' title='bbox 742 1531 792 1592; x_wconf 88' lang='lat' dir='ltr'>hic</span> <span class='ocrx_word' id='word_1_123' title='bbox 817 1549 927 1602; x_wconf 89' lang='lat' dir='ltr'>annus,</span> <span class='ocrx_word' id='word_1_124' title='bbox 959 1533 1076 1594; x_wconf 85' lang='lat' dir='ltr'>cuius6</span> 
     </span>
     <span class='ocr_line' id='line_1_17' title="bbox 67 1614 1043 1696; baseline 0.001 -20"><span class='ocrx_word' id='word_1_125' title='bbox 67 1615 150 1677; x_wconf 89' lang='lat' dir='ltr'>velut</span> <span class='ocrx_word' id='word_1_126' title='bbox 164 1617 251 1678; x_wconf 82' lang='lat' dir='ltr'>index</span> <span class='ocrx_word' id='word_1_127' title='bbox 268 1622 298 1678; x_wconf 91' lang='lat' dir='ltr'>et</span> <span class='ocrx_word' id='word_1_128' title='bbox 313 1614 414 1677; x_wconf 89' lang='lat' dir='ltr'>titulus</span> <span class='ocrx_word' id='word_1_129' title='bbox 428 1616 547 1696; x_wconf 91' lang='lat' dir='ltr'>quidam</span> <span class='ocrx_word' id='word_1_130' title='bbox 563 1623 608 1678; x_wconf 90' lang='lat' dir='ltr'>est</span> <span class='ocrx_word' id='word_1_131' title='bbox 623 1619 654 1677; x_wconf 94' lang='lat' dir='ltr'>V.</span> <span class='ocrx_word' id='word_1_132' title='bbox 669 1617 700 1677; x_wconf 82' lang='lat' dir='ltr'>G.</span> <span class='ocrx_word' id='word_1_133' title='bbox 716 1616 760 1677; x_wconf 91' lang='lat' dir='ltr'>Pii</span> <span class='ocrx_word' id='word_1_134' title='bbox 776 1626 806 1678; x_wconf 95' lang='lat' dir='ltr'>et</span> <span class='ocrx_word' id='word_1_135' title='bbox 820 1616 956 1678; x_wconf 90' lang='lat' dir='ltr'>Pontiani</span> <span class='ocrx_word' id='word_1_136' title='bbox 972 1635 1043 1677; x_wconf 92' lang='lat' dir='ltr'>con·</span> 
     </span>
     <span class='ocr_line' id='line_1_18' title="bbox 69 1698 1043 1780; baseline -0.002 -17"><span class='ocrx_word' id='word_1_137' title='bbox 69 1699 201 1772; x_wconf 89' lang='lat' dir='ltr'>sulatus,</span> <span class='ocrx_word' id='word_1_138' title='bbox 232 1699 268 1762; x_wconf 92' lang='lat' dir='ltr'>ab</span> <span class='ocrx_word' id='word_1_139' title='bbox 291 1698 456 1779; x_wconf 82' lang='lat' dir='ltr'>olympiade</span> <span class='ocrx_word' id='word_1_140' title='bbox 477 1701 572 1780; x_wconf 89' lang='lat' dir='ltr'>prima</span> <span class='ocrx_word' id='word_1_141' title='bbox 595 1700 789 1762; x_wconf 90' lang='lat' dir='ltr'>millensimus</span> <span class='ocrx_word' id='word_1_142' title='bbox 810 1709 854 1762; x_wconf 90' lang='lat' dir='ltr'>est</span> <span class='ocrx_word' id='word_1_143' title='bbox 875 1710 904 1762; x_wconf 92' lang='lat' dir='ltr'>et</span> <span class='ocrx_word' id='word_1_144' title='bbox 919 1709 1043 1780; x_wconf 90' lang='lat' dir='ltr'>quartus</span> 
     </span>
     <span class='ocr_line' id='line_1_19' title="bbox 69 1783 1043 1864; baseline -0.001 -18"><span class='ocrx_word' id='word_1_145' title='bbox 69 1786 219 1855; x_wconf 90' lang='lat' dir='ltr'>decimus,</span> <span class='ocrx_word' id='word_1_146' title='bbox 238 1804 274 1846; x_wconf 89' lang='lat' dir='ltr'>ex</span> <span class='ocrx_word' id='word_1_147' title='bbox 289 1783 393 1846; x_wconf 89' lang='lat' dir='ltr'>diebus</span> <span class='ocrx_word' id='word_1_148' title='bbox 407 1785 558 1846; x_wconf 80' lang='lat' dir='ltr'>dumtaxat</span> <span class='ocrx_word' id='word_1_149' title='bbox 573 1787 704 1857; x_wconf 86' lang='lat' dir='ltr'>aestivis,</span> <span class='ocrx_word' id='word_1_150' title='bbox 728 1784 837 1864; x_wconf 90' lang='lat' dir='ltr'>quibus</span> <span class='ocrx_word' id='word_1_151' title='bbox 852 1802 929 1863; x_wconf 92' lang='lat' dir='ltr'>agon</span> <span class='ocrx_word' id='word_1_152' title='bbox 945 1784 1043 1864; x_wconf 82' lang='lat' dir='ltr'>Olym·</span> 
     </span>
     <span class='ocr_line' id='line_1_20' title="bbox 70 1869 1043 1948; baseline 0.001 -18"><span class='ocrx_word' id='word_1_153' title='bbox 70 1871 157 1948; x_wconf 92' lang='lat' dir='ltr'>picus</span> <span class='ocrx_word' id='word_1_154' title='bbox 174 1869 358 1938; x_wconf 88' lang='lat' dir='ltr'>celebratur;</span> <span class='ocrx_word' id='word_1_155' title='bbox 382 1887 398 1929; x_wconf 91' lang='lat' dir='ltr'>a</span> <span class='ocrx_word' id='word_1_156' title='bbox 414 1869 507 1931; x_wconf 86' lang='lat' dir='ltr'>Roma</span> <span class='ocrx_word' id='word_1_157' title='bbox 530 1877 627 1931; x_wconf 90' lang='lat' dir='ltr'>autem</span> <span class='ocrx_word' id='word_1_158' title='bbox 644 1871 760 1931; x_wconf 91' lang='lat' dir='ltr'>condita</span> <span class='ocrx_word' id='word_1_159' title='bbox 778 1871 1043 1948; x_wconf 91' lang='lat' dir='ltr'>nongentensimus</span> 
     </span>
     <span class='ocr_line' id='line_1_21' title="bbox 19 1952 1043 2034; baseline -0.005 -17"><span class='ocrx_word' id='word_1_160' title='bbox 19 1969 53 2017; x_wconf 81' lang='lat'>20</span> <span class='ocrx_word' id='word_1_161' title='bbox 71 1955 304 2032; x_wconf 86' lang='lat' dir='ltr'>nonagensimus</span> <span class='ocrx_word' id='word_1_162' title='bbox 318 1953 441 2034; x_wconf 91' lang='lat' dir='ltr'>primus,</span> <span class='ocrx_word' id='word_1_163' title='bbox 460 1954 624 2032; x_wconf 88' lang='lat' dir='ltr'>etquidem</span> <span class='ocrx_word' id='word_1_164' title='bbox 641 1973 676 2016; x_wconf 91' lang='lat' dir='ltr'>ex</span> <span class='ocrx_word' id='word_1_165' title='bbox 691 1952 848 2024; x_wconf 86' lang='lat' dir='ltr'>Parilibus,</span> <span class='ocrx_word' id='word_1_166' title='bbox 865 1954 944 2014; x_wconf 91' lang='lat' dir='ltr'>unde</span> <span class='ocrx_word' id='word_1_167' title='bbox 960 1952 1043 2015; x_wconf 89' lang='lat' dir='ltr'>urbis</span> 
     </span>
     <span class='ocr_line' id='line_1_22' title="bbox 71 2037 1076 2118; baseline -0.001 -18"><span class='ocrx_word' id='word_1_168' title='bbox 71 2040 143 2100; x_wconf 90' lang='lat' dir='ltr'>anni</span> <span class='ocrx_word' id='word_1_169' title='bbox 164 2045 375 2108; x_wconf 68' lang='lat' dir='ltr'>numerantium</span> <span class='ocrx_word' id='word_1_170' title='bbox 404 2057 508 2099; x_wconf 91' lang='lat' dir='ltr'>eorum</span> <span class='ocrx_word' id='word_1_171' title='bbox 530 2057 600 2100; x_wconf 85' lang='lat' dir='ltr'>vero</span> <span class='ocrx_word' id='word_1_172' title='bbox 627 2056 773 2100; x_wconf 93' lang='lat' dir='ltr'>annorum</span> <span class='ocrx_word' id='word_1_173' title='bbox 795 2037 901 2118; x_wconf 90' lang='lat' dir='ltr'>quibus</span> <span class='ocrx_word' id='word_1_174' title='bbox 921 2037 1042 2099; x_wconf 91' lang='lat' dir='ltr'>Iulianis</span> <span class='ocrx_word' id='word_1_175' title='bbox 1061 2049 1076 2099; x_wconf 79' lang='lat' dir='ltr'>t</span> 
     </span>
     <span class='ocr_line' id='line_1_23' title="bbox 72 2122 1043 2202; baseline -0.003 -17"><span class='ocrx_word' id='word_1_176' title='bbox 72 2141 183 2185; x_wconf 88' lang='lat' dir='ltr'>nomen</span> <span class='ocrx_word' id='word_1_177' title='bbox 211 2132 256 2184; x_wconf 88' lang='lat' dir='ltr'>est</span> <span class='ocrx_word' id='word_1_178' title='bbox 282 2123 503 2185; x_wconf 82' lang='lat' dir='ltr'>ducentesimus</span> <span class='ocrx_word' id='word_1_179' title='bbox 529 2123 747 2202; x_wconf 84' lang='lat' dir='ltr'>octogensimus</span> <span class='ocrx_word' id='word_1_180' title='bbox 772 2124 892 2194; x_wconf 88' lang='lat' dir='ltr'>tertius,</span> <span class='ocrx_word' id='word_1_181' title='bbox 929 2122 980 2183; x_wconf 94' lang='lat' dir='ltr'>sed</span> <span class='ocrx_word' id='word_1_182' title='bbox 1007 2141 1043 2182; x_wconf 87' lang='lat' dir='ltr'>ex</span> 
     </span>
     <span class='ocr_line' id='line_1_24' title="bbox 73 2205 1042 2279; baseline -0.004 -10"><span class='ocrx_word' id='word_1_183' title='bbox 73 2209 122 2269; x_wconf 90' lang='lat' dir='ltr'>die</span> <span class='ocrx_word' id='word_1_184' title='bbox 137 2207 199 2269; x_wconf 86' lang='lat' dir='ltr'>Kal.</span> <span class='ocrx_word' id='word_1_185' title='bbox 219 2207 439 2279; x_wconf 83' lang='lat' dir='ltr'>Ianuariarum,</span> <span class='ocrx_word' id='word_1_186' title='bbox 465 2208 544 2269; x_wconf 90' lang='lat' dir='ltr'>unde</span> <span class='ocrx_word' id='word_1_187' title='bbox 564 2206 655 2270; x_wconf 91' lang='lat' dir='ltr'>lulius</span> <span class='ocrx_word' id='word_1_188' title='bbox 671 2205 777 2268; x_wconf 87' lang='lat' dir='ltr'>Caesar</span> <span class='ocrx_word' id='word_1_189' title='bbox 799 2208 868 2268; x_wconf 92' lang='lat' dir='ltr'>anni</span> <span class='ocrx_word' id='word_1_190' title='bbox 888 2225 903 2268; x_wconf 93' lang='lat' dir='ltr'>a</span> <span class='ocrx_word' id='word_1_191' title='bbox 925 2224 957 2267; x_wconf 89' lang='lat' dir='ltr'>se</span> <span class='ocrx_word' id='word_1_192' title='bbox 973 2224 1042 2266; x_wconf 90' lang='lat' dir='ltr'>coo·</span> 
     </span>
     <span class='ocr_line' id='line_1_25' title="bbox 74 2292 1077 2371; baseline 0 -19"><span class='ocrx_word' id='word_1_193' title='bbox 74 2295 167 2352; x_wconf 91' lang='lat' dir='ltr'>stituti</span> <span class='ocrx_word' id='word_1_194' title='bbox 188 2293 257 2354; x_wconf 88' lang='lat' dir='ltr'>iecit</span> <span class='ocrx_word' id='word_1_195' title='bbox 277 2292 472 2371; x_wconf 89' lang='lat' dir='ltr'>principium;</span> <span class='ocrx_word' id='word_1_196' title='bbox 498 2299 527 2353; x_wconf 92' lang='lat' dir='ltr'>at</span> <span class='ocrx_word' id='word_1_197' title='bbox 548 2310 651 2353; x_wconf 92' lang='lat' dir='ltr'>eorum</span> <span class='ocrx_word' id='word_1_198' title='bbox 672 2293 721 2370; x_wconf 90' lang='lat' dir='ltr'>qui</span> <span class='ocrx_word' id='word_1_199' title='bbox 737 2299 879 2354; x_wconf 90' lang='lat' dir='ltr'>vocantur</span> <span class='ocrx_word' id='word_1_200' title='bbox 901 2293 970 2352; x_wconf 90' lang='lat' dir='ltr'>anni</span> <span class='ocrx_word' id='word_1_201' title='bbox 985 2294 1042 2353; x_wconf 77' lang='lat' dir='ltr'>nri·</span> <span class='ocrx_word' id='word_1_202' title='bbox 1061 2302 1077 2352; x_wconf 88' lang='lat'>8</span> 
     </span>
     <span class='ocr_line' id='line_1_26' title="bbox 23 2376 1043 2457; baseline -0.002 -18"><span class='ocrx_word' id='word_1_203' title='bbox 23 2389 56 2440; x_wconf 80' lang='lat'>25</span> <span class='ocrx_word' id='word_1_204' title='bbox 74 2384 227 2457; x_wconf 88' lang='lat' dir='ltr'>gustorum</span> <span class='ocrx_word' id='word_1_205' title='bbox 253 2376 474 2438; x_wconf 91' lang='lat' dir='ltr'>ducentesimus</span> <span class='ocrx_word' id='word_1_206' title='bbox 500 2377 722 2454; x_wconf 81' lang='lat' dir='ltr'>sexagensimus</span> <span class='ocrx_word' id='word_1_207' title='bbox 749 2377 881 2457; x_wconf 88' lang='lat' dir='ltr'>quintus,</span> <span class='ocrx_word' id='word_1_208' title='bbox 918 2376 1043 2456; x_wconf 91' lang='lat' dir='ltr'>perinde</span> 
     </span>
    </p>
   </div>
   <div class='ocr_carea' id='block_1_3' title="bbox 75 2611 1046 3558">
    <p class='ocr_par' dir='ltr' id='par_1_3' title="bbox 75 2611 1046 3558">
     <span class='ocr_line' id='line_1_27' title="bbox 75 2611 1045 2678; baseline -0.003 -14"><span class='ocrx_word' id='word_1_209' title='bbox 75 2617 166 2664; x_wconf 82' lang='lat' dir='ltr'>lacuna</span> <span class='ocrx_word' id='word_1_210' title='bbox 188 2614 251 2664; x_wconf 82' lang='lat' dir='ltr'>daec</span> <span class='ocrx_word' id='word_1_211' title='bbox 270 2614 330 2677; x_wconf 80' lang='lat' dir='ltr'>fere</span> <span class='ocrx_word' id='word_1_212' title='bbox 353 2613 507 2663; x_wconf 79' lang='lat' dir='ltr'>exciderant</span> <span class='ocrx_word' id='word_1_213' title='bbox 529 2614 731 2678; x_wconf 72' lang='lat' dir='ltr'>competierunt,</span> <span class='ocrx_word' id='word_1_214' title='bbox 764 2611 829 2663; x_wconf 91' lang='lat' dir='ltr'>hine</span> <span class='ocrx_word' id='word_1_215' title='bbox 852 2612 888 2663; x_wconf 87' lang='lat' dir='ltr'>ed</span> <span class='ocrx_word' id='word_1_216' title='bbox 910 2611 1045 2662; x_wconf 87' lang='lat' dir='ltr'>excidium</span> 
     </span>
     <span class='ocr_line' id='line_1_28' title="bbox 75 2678 1044 2745; baseline 0 -15"><span class='ocrx_word' id='word_1_217' title='bbox 75 2681 175 2732; x_wconf 85' lang='lat' dir='ltr'>Troiae</span> <span class='ocrx_word' id='word_1_218' title='bbox 194 2697 282 2732; x_wconf 87' lang='lat' dir='ltr'>annos</span> <span class='ocrx_word' id='word_1_219' title='bbox 300 2695 369 2732; x_wconf 85' lang='lat' dir='ltr'>neec</span> <span class='ocrx_word' id='word_1_220' title='bbox 390 2678 469 2745; x_wconf 79' lang='lat' dir='ltr'>(cons.</span> <span class='ocrx_word' id='word_1_221' title='bbox 488 2680 568 2731; x_wconf 78' lang='lat' dir='ltr'>Iahni</span> <span class='ocrx_word' id='word_1_222' title='bbox 583 2681 773 2732; x_wconf 82' lang='lat' dir='ltr'>adnotationem</span> <span class='ocrx_word' id='word_1_223' title='bbox 790 2687 816 2730; x_wconf 87' lang='lat' dir='ltr'>et</span> <span class='ocrx_word' id='word_1_224' title='bbox 833 2682 870 2734; x_wconf 85' lang='lat' dir='ltr'>H.</span> <span class='ocrx_word' id='word_1_225' title='bbox 884 2681 1044 2740; x_wconf 84' lang='lat' dir='ltr'>Kettnerum,</span> 
     </span>
     <span class='ocr_line' id='line_1_29' title="bbox 80 2746 1044 2813; baseline -0.001 -15"><span class='ocrx_word' id='word_1_226' title='bbox 80 2749 253 2799; x_wconf 74' lang='lat' dir='ltr'>Varronisede</span> <span class='ocrx_word' id='word_1_227' title='bbox 271 2748 379 2800; x_wconf 80' lang='lat' dir='ltr'>Studien</span> <span class='ocrx_word' id='word_1_228' title='bbox 398 2764 427 2813; x_wconf 88' lang='lat' dir='ltr'>p.</span> <span class='ocrx_word' id='word_1_229' title='bbox 445 2747 524 2810; x_wconf 69' lang='lat' dir='ltr'>dds.)</span> <span class='ocrx_word' id='word_1_230' title='bbox 600 2749 623 2797; x_wconf 87' lang='lat'>1.</span> <span class='ocrx_word' id='word_1_231' title='bbox 642 2746 820 2811; x_wconf 78' lang='lat' dir='ltr'>olimpiadem</span> <span class='ocrx_word' id='word_1_232' title='bbox 841 2749 868 2797; x_wconf 87' lang='lat' dir='ltr'><em>V</em></span> <span class='ocrx_word' id='word_1_233' title='bbox 934 2746 1044 2812; x_wconf 78' lang='lat' dir='ltr'>queom-</span> 
     </span>
     <span class='ocr_line' id='line_1_30' title="bbox 76 2814 1044 2883; baseline -0.005 -15"><span class='ocrx_word' id='word_1_234' title='bbox 76 2830 156 2883; x_wconf 61' lang='grc' dir='ltr'>ωτι</span> <span class='ocrx_word' id='word_1_235' title='bbox 167 2815 230 2881; x_wconf 85' lang='lat' dir='ltr'>DV,</span> <span class='ocrx_word' id='word_1_236' title='bbox 250 2815 446 2882; x_wconf 82' lang='lat' dir='ltr'>quadringenti</span> <span class='ocrx_word' id='word_1_237' title='bbox 463 2818 534 2882; x_wconf 79' lang='lat' dir='ltr'>culpo</span> <span class='ocrx_word' id='word_1_238' title='bbox 603 2817 628 2866; x_wconf 89' lang='grc'>2.</span> <span class='ocrx_word' id='word_1_239' title='bbox 646 2814 761 2878; x_wconf 83' lang='lat' dir='ltr'>mytichi</span> <span class='ocrx_word' id='word_1_240' title='bbox 782 2814 811 2864; x_wconf 90' lang='lat' dir='ltr'><em>V</em></span> <span class='ocrx_word' id='word_1_241' title='bbox 874 2818 898 2866; x_wconf 87' lang='lat'>3.</span> <span class='ocrx_word' id='word_1_242' title='bbox 919 2828 1044 2864; x_wconf 78' lang='lat' dir='ltr'>sceiere·</span> 
     </span>
     <span class='ocr_line' id='line_1_31' title="bbox 77 2882 1044 2948; baseline -0.004 -14"><span class='ocrx_word' id='word_1_243' title='bbox 77 2884 175 2934; x_wconf 73' lang='lat' dir='ltr'>euml)</span> <span class='ocrx_word' id='word_1_244' title='bbox 243 2883 553 2936; x_wconf 78' lang='lat' dir='ltr'>5.emrosuheuesDV</span> <span class='ocrx_word' id='word_1_245' title='bbox 600 2883 841 2948; x_wconf 68' lang='lat' dir='ltr'>querxrgeuroeD</span> <span class='ocrx_word' id='word_1_246' title='bbox 894 2882 1044 2943; x_wconf 69' lang='lat' dir='ltr'>semmel),</span> 
     </span>
     <span class='ocr_line' id='line_1_32' title="bbox 76 2946 1044 3012; baseline -0.004 -11"><span class='ocrx_word' id='word_1_247' title='bbox 76 2952 186 3002; x_wconf 83' lang='lat' dir='ltr'>itimeus</span> <span class='ocrx_word' id='word_1_248' title='bbox 208 2951 237 3001; x_wconf 87' lang='lat' dir='ltr'><em>V</em></span> <span class='ocrx_word' id='word_1_249' title='bbox 300 2953 324 3002; x_wconf 91' lang='grc'>6.</span> <span class='ocrx_word' id='word_1_250' title='bbox 345 2965 446 3002; x_wconf 78' lang='lat' dir='ltr'>oneres</span> <span class='ocrx_word' id='word_1_251' title='bbox 464 2950 525 3010; x_wconf 85' lang='lat' dir='ltr'>DV,</span> <span class='ocrx_word' id='word_1_252' title='bbox 546 2948 837 3002; x_wconf 78' lang='lat' dir='ltr'>Gratesconi.Iadnns</span> <span class='ocrx_word' id='word_1_253' title='bbox 889 2946 1044 3012; x_wconf 77' lang='lat' dir='ltr'><em>o01111V¹‚</em></span> 
     </span>
     <span class='ocr_line' id='line_1_33' title="bbox 77 3015 1006 3080; baseline -0.004 -10"><span class='ocrx_word' id='word_1_254' title='bbox 77 3035 145 3070; x_wconf 80' lang='lat' dir='ltr'>corr.</span> <span class='ocrx_word' id='word_1_255' title='bbox 162 3035 193 3068; x_wconf 88' lang='lat' dir='ltr'>m.</span> <span class='ocrx_word' id='word_1_256' title='bbox 213 3022 230 3069; x_wconf 88' lang='lat'><strong><em>2</em></strong></span> <span class='ocrx_word' id='word_1_257' title='bbox 299 3019 324 3076; x_wconf 82' lang='lat'>8.</span> <span class='ocrx_word' id='word_1_258' title='bbox 344 3033 465 3070; x_wconf 75' lang='lat' dir='ltr'>nerones</span> <span class='ocrx_word' id='word_1_259' title='bbox 483 3019 517 3080; x_wconf 85' lang='lat' dir='ltr'>D,</span> <span class='ocrx_word' id='word_1_260' title='bbox 537 3033 607 3072; x_wconf 84' lang='lat' dir='ltr'>corr.</span> <span class='ocrx_word' id='word_1_261' title='bbox 625 3019 645 3068; x_wconf 85' lang='lat' dir='ltr'>d</span> <span class='ocrx_word' id='word_1_262' title='bbox 713 3019 754 3070; x_wconf 85' lang='lat'>11.</span> <span class='ocrx_word' id='word_1_263' title='bbox 773 3031 931 3069; x_wconf 77' lang='lat' dir='ltr'>conuenere</span> <span class='ocrx_word' id='word_1_264' title='bbox 949 3015 1006 3066; x_wconf 88' lang='lat' dir='ltr'>DV</span> 
     </span>
     <span class='ocr_line' id='line_1_34' title="bbox 78 3081 1046 3151; baseline -0.004 -15"><span class='ocrx_word' id='word_1_265' title='bbox 78 3089 119 3138; x_wconf 87' lang='grc'>12.</span> <span class='ocrx_word' id='word_1_266' title='bbox 137 3088 315 3143; x_wconf 70' lang='lat' dir='ltr'>dinumerans</span> <span class='ocrx_word' id='word_1_267' title='bbox 335 3084 393 3150; x_wconf 86' lang='lat' dir='ltr'>(din</span> <span class='ocrx_word' id='word_1_268' title='bbox 410 3088 437 3136; x_wconf 87' lang='lat' dir='ltr'>in</span> <span class='ocrx_word' id='word_1_269' title='bbox 453 3086 519 3151; x_wconf 81' lang='lat' dir='ltr'>ras.)</span> <span class='ocrx_word' id='word_1_270' title='bbox 538 3086 563 3135; x_wconf 87' lang='lat' dir='ltr'><em>D</em></span> <span class='ocrx_word' id='word_1_271' title='bbox 633 3087 673 3137; x_wconf 82' lang='lat'>15.</span> <span class='ocrx_word' id='word_1_272' title='bbox 693 3099 762 3135; x_wconf 79' lang='lat' dir='ltr'>uuus</span> <span class='ocrx_word' id='word_1_273' title='bbox 780 3086 806 3135; x_wconf 88' lang='lat' dir='ltr'><em>D</em></span> <span class='ocrx_word' id='word_1_274' title='bbox 875 3085 916 3138; x_wconf 83' lang='lat'>16.</span> <span class='ocrx_word' id='word_1_275' title='bbox 935 3081 1046 3148; x_wconf 83' lang='lat' dir='ltr'>quidem</span> 
     </span>
     <span class='ocr_line' id='line_1_35' title="bbox 77 3151 1046 3218; baseline -0.004 -14"><span class='ocrx_word' id='word_1_276' title='bbox 77 3171 123 3204; x_wconf 80' lang='lat' dir='ltr'>orn.</span> <span class='ocrx_word' id='word_1_277' title='bbox 144 3153 242 3205; x_wconf 73' lang='lat' dir='ltr'>luanus</span> <span class='ocrx_word' id='word_1_278' title='bbox 296 3155 329 3206; x_wconf 88' lang='lat' dir='ltr'>V.</span> <span class='ocrx_word' id='word_1_279' title='bbox 349 3152 380 3205; x_wconf 84' lang='lat' dir='ltr'>C.</span> <span class='ocrx_word' id='word_1_280' title='bbox 400 3152 427 3218; x_wconf 76' lang='lat' dir='ltr'>(i.</span> <span class='ocrx_word' id='word_1_281' title='bbox 440 3170 464 3207; x_wconf 86' lang='lat' dir='ltr'>e.</span> <span class='ocrx_word' id='word_1_282' title='bbox 480 3155 591 3205; x_wconf 82' lang='lat' dir='ltr'>uirorum</span> <span class='ocrx_word' id='word_1_283' title='bbox 602 3153 809 3212; x_wconf 73' lang='lat' dir='ltr'>clarissimorum)</span> <span class='ocrx_word' id='word_1_284' title='bbox 827 3153 872 3202; x_wconf 92' lang='lat' dir='ltr'>Pii</span> <span class='ocrx_word' id='word_1_285' title='bbox 889 3151 1046 3216; x_wconf 78' lang='lat' dir='ltr'>Borgdeeius</span> 
     </span>
     <span class='ocr_line' id='line_1_36' title="bbox 78 3219 1011 3286; baseline -0.002 -15"><span class='ocrx_word' id='word_1_286' title='bbox 78 3225 104 3272; x_wconf 83' lang='lat' dir='ltr'>in</span> <span class='ocrx_word' id='word_1_287' title='bbox 120 3222 189 3272; x_wconf 86' lang='lat' dir='ltr'>Ann.</span> <span class='ocrx_word' id='word_1_288' title='bbox 208 3223 269 3276; x_wconf 81' lang='lat' dir='ltr'>inst.</span> <span class='ocrx_word' id='word_1_289' title='bbox 288 3222 418 3274; x_wconf 80' lang='lat' dir='ltr'>arcdneol.</span> <span class='ocrx_word' id='word_1_290' title='bbox 437 3238 461 3275; x_wconf 85' lang='lat' dir='ltr'>a.</span> <span class='ocrx_word' id='word_1_291' title='bbox 482 3224 549 3274; x_wconf 75' lang='lat'><em>1856</em></span> <span class='ocrx_word' id='word_1_292' title='bbox 563 3238 592 3286; x_wconf 86' lang='lat' dir='ltr'>p.</span> <span class='ocrx_word' id='word_1_293' title='bbox 606 3223 653 3282; x_wconf 82' lang='grc'>48,</span> <span class='ocrx_word' id='word_1_294' title='bbox 671 3233 744 3270; x_wconf 76' lang='lat' dir='ltr'>uero</span> <span class='ocrx_word' id='word_1_295' title='bbox 762 3219 824 3280; x_wconf 87' lang='lat' dir='ltr'>DV,</span> <span class='ocrx_word' id='word_1_296' title='bbox 844 3219 922 3285; x_wconf 89' lang='lat' dir='ltr'>Ulpii</span> <span class='ocrx_word' id='word_1_297' title='bbox 939 3221 1011 3284; x_wconf 78' lang='lat' dir='ltr'>vulgo</span> 
     </span>
     <span class='ocr_line' id='line_1_37' title="bbox 78 3287 1045 3356; baseline -0.005 -16"><span class='ocrx_word' id='word_1_298' title='bbox 78 3289 198 3356; x_wconf 77' lang='lat' dir='ltr'>pontiam</span> <span class='ocrx_word' id='word_1_299' title='bbox 221 3289 247 3338; x_wconf 90' lang='lat' dir='ltr'><em>V</em></span> <span class='ocrx_word' id='word_1_300' title='bbox 315 3291 358 3341; x_wconf 85' lang='grc'>17.</span> <span class='ocrx_word' id='word_1_301' title='bbox 380 3301 555 3340; x_wconf 78' lang='lat' dir='ltr'>mrueusamus</span> <span class='ocrx_word' id='word_1_302' title='bbox 575 3290 614 3352; x_wconf 86' lang='lat' dir='ltr'>D,</span> <span class='ocrx_word' id='word_1_303' title='bbox 638 3287 800 3338; x_wconf 80' lang='lat' dir='ltr'>millesimus</span> <span class='ocrx_word' id='word_1_304' title='bbox 822 3288 850 3337; x_wconf 92' lang='lat' dir='ltr'><em>V</em></span> <span class='ocrx_word' id='word_1_305' title='bbox 914 3288 954 3337; x_wconf 83' lang='grc'>19.</span> <span class='ocrx_word' id='word_1_306' title='bbox 979 3300 1045 3337; x_wconf 88' lang='lat' dir='ltr'>non·</span> 
     </span>
     <span class='ocr_line' id='line_1_38' title="bbox 79 3354 1044 3424; baseline -0.004 -16"><span class='ocrx_word' id='word_1_307' title='bbox 79 3357 246 3422; x_wconf 82' lang='lat' dir='ltr'>gentesimue</span> <span class='ocrx_word' id='word_1_308' title='bbox 271 3359 467 3424; x_wconf 81' lang='lat' dir='ltr'>nonagesimus</span> <span class='ocrx_word' id='word_1_309' title='bbox 494 3357 523 3406; x_wconf 91' lang='lat' dir='ltr'><em>V</em></span> <span class='ocrx_word' id='word_1_310' title='bbox 587 3359 629 3407; x_wconf 91' lang='grc'>20.</span> <span class='ocrx_word' id='word_1_311' title='bbox 651 3369 735 3406; x_wconf 65' lang='lat' dir='ltr'>uenus</span> <span class='ocrx_word' id='word_1_312' title='bbox 754 3357 792 3417; x_wconf 88' lang='lat' dir='ltr'>D,</span> <span class='ocrx_word' id='word_1_313' title='bbox 817 3354 935 3405; x_wconf 86' lang='lat' dir='ltr'>urbesd</span> <span class='ocrx_word' id='word_1_314' title='bbox 1002 3355 1044 3404; x_wconf 87' lang='grc'>22.</span> 
     </span>
     <span class='ocr_line' id='line_1_39' title="bbox 78 3421 994 3490; baseline -0.005 -15"><span class='ocrx_word' id='word_1_315' title='bbox 78 3425 262 3490; x_wconf 84' lang='lat' dir='ltr'>octogesimus</span> <span class='ocrx_word' id='word_1_316' title='bbox 277 3425 305 3474; x_wconf 90' lang='lat' dir='ltr'><em>V</em></span> <span class='ocrx_word' id='word_1_317' title='bbox 369 3428 413 3477; x_wconf 86' lang='grc'>23.</span> <span class='ocrx_word' id='word_1_318' title='bbox 429 3427 465 3474; x_wconf 75' lang='lat' dir='ltr'>x&#39;r&#39;d</span> <span class='ocrx_word' id='word_1_319' title='bbox 477 3425 511 3490; x_wconf 86' lang='lat' dir='ltr'>D,</span> <span class='ocrx_word' id='word_1_320' title='bbox 531 3424 589 3475; x_wconf 87' lang='lat' dir='ltr'>ket</span> <span class='ocrx_word' id='word_1_321' title='bbox 600 3424 609 3473; x_wconf 98' lang='lat' dir='ltr'>l</span> <span class='ocrx_word' id='word_1_322' title='bbox 619 3426 770 3487; x_wconf 82' lang='lat' dir='ltr'>perscripta</span> <span class='ocrx_word' id='word_1_323' title='bbox 791 3422 820 3471; x_wconf 92' lang='lat' dir='ltr'><em>V</em></span> <span class='ocrx_word' id='word_1_324' title='bbox 834 3421 902 3484; x_wconf 85' lang='lat' dir='ltr'>(item</span> <span class='ocrx_word' id='word_1_325' title='bbox 917 3437 954 3472; x_wconf 78' lang='lat' dir='ltr'>oe.</span> <span class='ocrx_word' id='word_1_326' title='bbox 968 3421 994 3485; x_wconf 84' lang='grc'>6)</span> 
     </span>
     <span class='ocr_line' id='line_1_40' title="bbox 79 3489 862 3558; baseline -0.005 -16"><span class='ocrx_word' id='word_1_327' title='bbox 79 3504 213 3544; x_wconf 83' lang='lat' dir='ltr'>runraaum</span> <span class='ocrx_word' id='word_1_328' title='bbox 232 3492 291 3542; x_wconf 82' lang='lat' dir='ltr'>oV</span> <span class='ocrx_word' id='word_1_329' title='bbox 355 3495 396 3544; x_wconf 86' lang='grc'>24.</span> <span class='ocrx_word' id='word_1_330' title='bbox 417 3491 450 3543; x_wconf 76' lang='lat' dir='ltr'>ab</span> <span class='ocrx_word' id='word_1_331' title='bbox 467 3493 492 3542; x_wconf 82' lang='lat' dir='ltr'>I)</span> <span class='ocrx_word' id='word_1_332' title='bbox 562 3494 603 3544; x_wconf 82' lang='grc'>25.</span> <span class='ocrx_word' id='word_1_333' title='bbox 622 3489 812 3558; x_wconf 78' lang='lat' dir='ltr'>sexagesimus</span> <span class='ocrx_word' id='word_1_334' title='bbox 834 3489 862 3538; x_wconf 93' lang='lat' dir='ltr'><em>V</em></span> 
     </span>
    </p>
   </div>
   <div class='ocr_carea' id='block_1_4' title="bbox 0 0 1225 3946">
    <p class='ocr_par' dir='ltr' id='par_1_4' title="bbox 0 0 1225 3946">
     <span class='ocr_line' id='line_1_41' title="bbox 0 0 1225 3946; baseline 0 0"><span class='ocrx_word' id='word_1_335' title='bbox 0 0 1225 3946; x_wconf 95' lang='lat' dir='ltr'> </span> 
     </span>
    </p>
   </div>
  </div>
 </body>
</html>
