2424 3938
160 226 203 290 30
485 225 644 282 Drusus
662 225 815 281 PHRYGII

159 369 301 434 Achilles
328 375 365 435 ut
386 371 528 454 respexit
549 372 669 434 multos
696 370 791 434 duces
815 370 883 435 eius
910 371 1042 435 dextera
1064 373 1143 436 ceci-

160 459 257 541 disse,
280 459 423 523 animum
446 459 480 522 in
499 479 572 522 eum
591 457 763 543 dirigebat,
786 462 822 522 ut
843 458 892 522 ilii
912 459 1026 523 obvius
1045 460 1142 524 fieret

160 546 384 612 considerabat
410 547 496 611 enim
523 545 667 611 Achilles
694 546 756 610 nisi
783 544 958 612 Hectorem
986 548 1143 612 occideret

159 635 267 718 plures
291 633 329 700 de
352 633 547 700 Graecorum
569 655 703 699 numero
727 635 794 699 eius
818 635 950 699 dextera
972 636 1142 718 perituros.

133 723 316 806 eproelium
356 723 479 788 interea
526 722 706 787 conliditur.
768 722 889 788 Hector
933 721 1141 808 Polypoetem
1200 759 1201 762 ε

160 811 272 876 ducem
312 811 524 877 fortissimum
561 810 677 876 occidit
711 817 849 895 dumque
891 831 964 875 eum
1005 813 1141 895 spoliare
1200 833 1201 866 t

160 900 278 983 coepit,
300 898 442 964 Achilles
466 899 658 982 supervenit.
693 898 729 962 fit
750 918 860 983 pugna
883 899 1000 982 maior,
1024 900 1144 964 clamor
1199 905 1201 940 ²

160 987 201 1052 ab
225 986 343 1072 oppido
366 991 399 1052 et
422 1009 441 1052 a
462 991 533 1052 toto
556 987 696 1052 exercitu
720 986 831 1072 surgit.
862 985 984 1052 Hector
1007 987 1141 1052 Achillis
1200 1017 1201 1028 ¹

159 1075 263 1138 femur
286 1075 449 1140 sauciavit.
489 1074 631 1139 Achilles
655 1074 763 1139 dolore
786 1078 917 1158 accepto
940 1076 1049 1160 magis
1072 1097 1142 1140 eum

121 1183 146 1220 10
160 1163 308 1248 persequi
327 1163 432 1247 coepit
451 1184 511 1228 nec
534 1163 670 1246 destitit,
693 1163 757 1227 nisi
779 1183 852 1226 eum
875 1162 1043 1228 occideret
1081 1186 1142 1249 quo

159 1251 352 1336 interempto
388 1249 544 1316 'I'roianos
578 1251 615 1314 in
650 1251 760 1336 fugam
796 1251 893 1315 vertit
929 1255 961 1315 et
1004 1252 1143 1316 maxima

159 1338 254 1403 caede
276 1341 380 1405 laesos
403 1359 505 1424 nsque
527 1339 696 1422 adportas
716 1339 932 1424 persequitur:
961 1339 1014 1403 cui
1034 1345 1141 1404 tomen

159 1425 313 1492 Memnon
339 1427 466 1492 restitit.
518 1431 551 1491 et
581 1427 666 1491 inter
693 1443 727 1491 'se
759 1427 875 1492 aeriter
907 1432 1142 1512 pugnaverunt,

159 1515 238 1579 laesi
273 1515 401 1600 utrique
437 1516 660 1581 discesserunt.
718 1536 782 1581 nox
817 1515 977 1598 proelium
1013 1515 1141 1580 dirimit

120 1619 145 1660 rs
159 1600 300 1668 Achilles
324 1604 450 1667 saucius
474 1602 512 1668 de
539 1603 625 1667 bello
650 1603 753 1667 rediit.
793 1606 891 1668 noctu
918 1601 1055 1668 Troiani
1081 1602 1142 1668 He-

159 1694 279 1754 ctorem
302 1691 531 1775 lamentantuu,
555 1690 755 1776 Graiugenae
779 1710 862 1756 suos.

247 1776 348 1842 XXV.
397 1777 533 1844 Postera
569 1778 619 1843 die
653 1777 808 1844 Memnon
841 1777 1000 1843 ircianos
1039 1779 1141 1844 educit

159 1869 272 1930 contra
289 1865 481 1932 Graecorum
500 1866 682 1932 exercitum.
718 1865 945 1951 Agamemnon
966 1868 1140 1932 exercitum

159 1955 298 2019 consulit
330 1954 503 2041 suadetque
530 1953 678 2020 indutias
710 1954 808 2018 duum
840 1955 1001 2019 mensium
1034 1960 1134 2039 postu·

119 2060 145 2099 20
159 2042 232 2126 lari,
255 2047 292 2107 ut
310 2062 384 2108 suos
409 2043 543 2129 quisque
562 2043 695 2126 sepelire
718 2042 829 2126 possit.
865 2043 966 2127 legati
990 2043 1032 2107 ad
1056 2042 1140 2107 Pria-

159 2151 247 2194 mum
286 2131 416 2196 troiam
451 2131 708 2217 proficiscuntur,
748 2131 912 2195 venientes
950 2130 1141 2196 desiderium
1199 2197 1200 2206 ,

158 2220 319 2301 prosecuti
351 2224 439 2306 sunt,
471 2219 569 2284 duum
601 2220 761 2284 mensium
792 2217 933 2284 indutias
971 2219 1141 2304 accipiunt.
1199 2241 1200 2248 ¹

229 2462 314 2516 XXV.
351 2463 449 2532 Dictys
468 2462 608 2518 Cretensis
627 2463 639 2516 I
660 2469 692 2516 19

231 2697 245 2745 1
271 2691 359 2756 Quem
386 2695 419 2747 ut
442 2708 514 2760 resp.
543 2690 604 2744 ach.
630 2689 655 2745 G
676 2689 803 2758 lmultos
828 2689 912 2744 duces
939 2689 1000 2745 eius
1026 2690 1145 2747 dextera

159 2760 308 2888 cecidisse&
330 2766 358 2818 et
389 2765 433 2818 tot
461 2761 497 2816 ab
530 2777 562 2816 eo
594 2761 679 2815 duces
706 2759 868 2815 interfectos
899 2759 924 2814 G
1015 2767 1031 2815 2
1059 2761 1144 2816 illum

159 2832 258 2904 dirigit
331 2833 437 2903 lfieret
462 2847 513 2887 noc
541 2831 619 2885 aliud
646 2832 676 2886 in
703 2832 797 2885 monte
823 2829 933 2886 achillis
959 2833 1003 2885 est
1025 2831 1083 2886 nisi
1110 2835 1144 2886 ut

157 2904 300 2958 hectorem
327 2901 537 2974 conprehendat
561 2902 588 2957 G
667 2906 683 2954 ⁶
708 2901 799 2956 multa
820 2899 901 2955 milia
927 2901 1075 2956 hominum
1100 2903 1142 2956 in-

157 2977 236 3029 terca
253 2974 429 3030 trucidantur
447 2988 510 3029 aera
524 2973 588 3028 add.
604 2971 630 3027 G
646 2976 708 3027 ante
725 2970 864 3041 proelium
880 2974 883 3038 t
899 2971 1008 3027 interea
1026 2987 1079 3026 om.
1096 2972 1122 3027 G
1138 2974 1143 3042 t

157 3043 328 3113 poliboetem
357 3044 383 3100 G
427 3041 591 3115 poblibeten
619 3041 646 3096 L
730 3047 746 3096 6
774 3033 812 3096 Et
837 3058 901 3096 oum
930 3058 993 3097 eum
1018 3043 1144 3111 spoliare

158 3114 425 3242 εεεεε
445 3112 719 3240 eruero]
735 3111 1143 3251 εεεεεεεεεε,
1198 3201 1199 3210 ψ

158 3253 476 3392 pgqsoquqtqreqissqlqneq
491 3258 545 3379 idi
546 3257 666 3380 Ieiuniis?
667 3251 1143 3379 ]idddiwstdmodmueidnrtdeiddi⁰1dd

162 3397 194 3444 15
220 3395 329 3449 saucius
354 3411 404 3450 orn.
431 3394 458 3450 G
479 3397 483 3459 1
505 3393 580 3448 redit
604 3393 630 3449 G
710 3399 744 3448 16
769 3392 815 3448 Gr.
842 3406 982 3449 ruosom.
1007 3392 1034 3448 G
1109 3399 1141 3446 17

161 3459 255 3512 educit
273 3463 310 3514 M
344 3464 441 3519 eduxit
457 3463 516 3518 LG
586 3470 619 3518 19
638 3461 821 3518 consuluitL
893 3469 928 3519 20
945 3461 1139 3532 unusquisque

160 3526 186 3578 L
202 3529 205 3590 ξ
220 3532 316 3593 posset
334 3531 359 3585 G
375 3534 379 3599 1
394 3533 534 3602 priamum
553 3533 652 3588 addidi
669 3549 703 3588 aa
722 3533 765 3588 Μ.
