2460 3940
343 205 391 252 os
413 205 475 254 oue
497 204 630 254 usuum
651 203 726 253 one.
742 205 792 254 111.
1032 189 1055 255 5

80 347 157 406 sime
183 345 273 406 iacias
300 352 423 423 exopto,
455 353 499 416 et,
530 345 610 423 quod
636 345 715 408 idem
742 344 907 424 subiungit,
939 345 1053 407 lunde

79 447 224 492 merum
247 431 366 508 genio.

145 515 202 575 Hic
224 513 349 576 forsitan
371 516 436 594 quis
457 522 595 594 quaerat,
618 515 686 594 quid
703 533 810 576 causae
831 516 870 576 sit
888 524 922 575 ut
936 524 1086 576 menum2

79 599 268 662 fundendum
289 600 391 678 genio,
412 617 471 660 non
488 599 583 662 hostia
603 600 771 661 laciendum
788 601 941 678 putaverit.
973 601 1052 678 quod

44 694 60 744 5
79 683 212 755 scilicet,
236 691 268 746 ut
281 687 375 746 Varro
398 691 520 746 testatur
540 686 571 746 in
593 703 627 747 eo
642 683 719 746 libro
736 686 783 746 cui
797 683 901 747 titulus
921 692 965 745 est
979 686 1052 747 Atti·

80 786 136 830 ous
152 775 182 830 et
197 776 241 830 est
256 768 293 831 de
309 770 450 840 numeris,
467 768 497 829 id
512 770 604 830 moris
618 770 800 848 institutique
817 771 943 830 maiores
958 771 1053 830 nostri

80 862 258 926 tenuerunt,
282 862 329 923 ut,
353 872 420 915 cum
437 855 485 915 die
499 855 589 915 natali
604 872 712 915 munus
732 853 839 916 annale
853 856 940 932 genio
956 855 1051 915 solve-

79 947 166 1006 rent,
197 955 317 1000 manum
339 957 356 1000 a
379 939 469 1000 caede
495 957 531 1000 ac
552 940 695 1016 sanguine
716 939 914 1008 abstinerent,
945 957 983 1000 ne
1005 940 1052 1000 die

83 1040 143 1102 qua
171 1023 228 1102 ipsi
249 1022 346 1086 lucem
368 1027 554 1103 accepissent
575 1023 623 1084 alii
644 1025 805 1086 demerent.
848 1024 976 1104 denique
990 1023 1052 1085 Deli
1070 1029 1086 1078 3

30 1118 63 1166 10
84 1108 125 1168 ad
139 1107 284 1186 Apollinis
299 1108 442 1185 genitoris
457 1127 554 1178 aram,
572 1116 604 1170 ut
619 1108 757 1171 Timaeus
773 1116 876 1170 auctor
892 1116 948 1179 est,
965 1127 1053 1170 nemo

83 1192 215 1254 hostiam
232 1193 337 1254 caedit.
361 1193 432 1254 illud
449 1195 537 1255 etiam
553 1193 584 1254 in
596 1193 653 1254 hoc
669 1194 716 1255 die
731 1193 958 1264 observandum,
975 1194 1053 1273 quod

80 1278 172 1355 genio
199 1278 309 1340 lactum
329 1280 479 1340 neminem
506 1285 624 1357 oportet
646 1286 713 1339 ante
734 1288 853 1357 gustare
874 1295 961 1357 quam
984 1297 1051 1338 eum

80 1363 133 1439 qui
147 1363 262 1423 fecerit.

149 1447 207 1508 Sed
231 1454 261 1508 et
275 1448 333 1508 hoc
355 1447 564 1526 aquibusdam
585 1465 673 1525 saepe
695 1448 859 1528 quaesitum
880 1446 1051 1508 solvendum

29 1540 60 1590 to
78 1531 214 1602 videtur,
237 1533 286 1612 qui
302 1534 340 1593 sit
354 1534 475 1610 genius,
503 1549 593 1594 curve
609 1549 675 1592 eum
692 1533 877 1610 potissimum
899 1549 952 1593 suo
973 1533 1052 1610 quis·

80 1635 140 1696 que
156 1615 246 1677 natali
262 1634 447 1679 veneremur.
478 1618 581 1696 genius
598 1625 642 1677 est
657 1616 745 1693 deus,
764 1617 848 1678 ouius
863 1618 894 1676 in
909 1615 1002 1677 tutela
1017 1623 1050 1676 ut
1068 1623 1086 1682 3

80 1701 210 1781 quisque
229 1708 315 1762 natus
337 1708 381 1763 est
401 1703 478 1763 vivit.
508 1702 557 1762 hio
573 1703 634 1763 sive
650 1702 728 1780 quod
749 1709 781 1763 ut
797 1719 940 1780 genamun
956 1709 1050 1769 curat,

79 1788 143 1847 sive
173 1786 252 1867 quod
272 1803 331 1847 una
353 1787 470 1864 genitur
491 1785 662 1856 nobiscum,
693 1787 755 1848 sive
781 1788 869 1848 otiam
890 1785 971 1864 quod
993 1803 1051 1845 nos

80 1871 199 1949 genitos
215 1871 337 1950 suscipit
352 1888 386 1931 ac
402 1877 529 1938 tutatur,
551 1877 632 1932 certe
647 1889 663 1930 a
679 1870 815 1950 ponendo
831 1871 934 1950 genius
950 1868 1050 1948 appel-

28 1964 61 2013 ‘to
79 1955 171 2018 latur.
203 1955 331 2018 eundem
354 1972 418 2018 esse
440 1958 560 2033 genium
581 1964 612 2018 ot
631 1954 724 2016 larem
746 1954 830 2015 multi
850 1963 965 2016 veteres
986 1971 1047 2013 me·
1066 1964 1082 2012 2

80 2041 197 2102 moriae
223 2039 431 2120 prodiderunt,
462 2043 492 2101 in
520 2041 586 2119 quis
611 2041 698 2100 etiam
720 2041 848 2102 Granius
870 2039 995 2100 Flaccus
1020 2040 1051 2097 in

78 2126 160 2188 libro
176 2143 266 2206 quom
287 2125 324 2186 ad
340 2123 494 2186 Caesarem
516 2126 553 2186 do
572 2125 802 2202 indigitamentis
824 2125 965 2204 scriptum
981 2120 1050 2182 reli·

81 2211 155 2290 quit.
192 2210 274 2271 huno
293 2211 325 2270 in
340 2227 395 2270 nos
410 2211 583 2278 maximam,
606 2211 677 2287 quin
698 2211 788 2271 immo
804 2227 923 2270 omnem
939 2206 1051 2268 habere

80 2302 260 2375 potestatem
288 2294 432 2356 creditum
454 2303 509 2357 est.
554 2293 689 2354 nonnulli
713 2293 800 2355 binos
826 2295 930 2371 genios
955 2293 985 2352 in
1005 2292 1086 2353 hist

29 2385 62 2434 25
82 2381 237 2442 dumtaxat
257 2379 394 2440 domibus
415 2397 491 2459 quoe
512 2386 611 2442 essent
625 2379 749 2440 mantne
770 2377 911 2440 colendos
930 2385 1052 2457 putave-

81 2472 169 2526 runt:
186 2463 325 2525 Euclides
336 2464 611 2525 automSoonaticus
623 2463 771 2542 duplicem
781 2462 918 2524 omuibus
929 2461 1050 2523 omnino

81 2548 169 2610 nobis
190 2549 310 2628 genium
327 2549 397 2610 dicit
412 2549 593 2628 adpositum,
617 2567 705 2627 quam
726 2566 791 2610 nem
812 2547 889 2627 apud
905 2545 1051 2608 Lucilium

80 2636 114 2694 in
147 2632 226 2694 libro
253 2633 410 2695 salinarum
438 2645 499 2694 xm
524 2632 593 2694 licet
620 2651 809 2710 cognoscere.
856 2631 942 2712 genio
962 2631 1052 2708 igitur

81 2719 268 2798 potissimum
288 2736 344 2796 per
364 2735 484 2779 omnem
505 2724 631 2780 aetatem
653 2718 809 2799 quotannis
831 2717 1050 2784 sacrificamus;

151 2954 176 3006 t.
196 2968 245 3004 esu
263 2960 342 3004 extre
358 2970 456 3006 uersum
474 2951 608 3018 (incertum
625 2970 659 3004 en
677 2970 693 3004 a
710 2971 741 3007 m.
759 2952 786 3016 2)
805 2954 839 3003 DJ
900 2951 927 3002 6.
950 2955 979 3001 et
997 2947 1050 3016 est]

83 3025 111 3072 et
127 3021 204 3072 intus
221 3025 287 3074 cont.
307 3022 459 3073 Rttsollelius
476 3027 502 3072 la
514 3022 605 3072 Indice
622 3023 700 3075 codol.
719 3021 816 3072 didere.
840 3036 864 3070 a.
884 3016 981 3080 letoio
997 3035 1023 3082 p.
1037 3021 1053 3066 4

83 3087 128 3153 (an
145 3104 207 3140 vero
227 3089 381 3141 Censorinus
396 3091 503 3154 scripsit
520 3091 566 3141 oei
582 3089 681 3140 titulus
698 3088 808 3140 Atticus
826 3092 869 3139 est
887 3086 920 3138 de
938 3085 1018 3149 eet.?)

81 3152 219 3224 numeris]
238 3157 397 3209 muneribus
415 3157 559 3215 Manutius,
577 3158 672 3222 probat
689 3158 841 3209 littecdelios
858 3159 875 3210 l.
895 3171 917 3206 c.
932 3171 961 3218 p.
981 3158 997 3204 5

83 3226 124 3276 10.
138 3225 313 3276 utmeusDV
380 3227 419 3275 11.
439 3226 565 3276 tneunll
635 3227 675 3277 lt.
695 3223 860 3290 quooffi‘l)
930 3224 970 3274 19.
990 3233 1053 3270 sus·

83 3305 162 3358 cepte
181 3293 244 3354 DV,
268 3292 450 3345 cemoeterio
519 3307 648 3344 cusanus
666 3294 731 3352 DV,
754 3307 824 3344 corr.
843 3290 942 3340 Ietnus
1009 3289 1053 3337 21.

83 3359 218 3424 quiante
238 3359 337 3424 quidet
404 3362 591 3428 oeautusDV
656 3356 874 3425 22.eemqutoD
942 3356 985 3408 25.
1004 3369 1054 3421 po·

84 3439 231 3480 saueaunn
249 3428 275 3476 D
343 3429 385 3482 2⁵1.
405 3444 475 3495 que*
492 3443 542 3481 se*
561 3426 652 3494 (quam
672 3440 731 3479 nem
750 3423 998 3488 enterocerem)1)

83 3496 124 3547 28.
143 3507 316 3547 suessanum
334 3497 391 3547 DV
456 3498 499 3552 29.
518 3511 588 3562 quos
607 3509 688 3548 ansts
705 3496 731 3547 D
