2416 3944
344 215 456 266 nsum
474 215 715 266 TR01AN1LIB.
736 215 771 269 11.
997 213 1040 279 25

64 367 149 451 quin
185 366 343 449 paulatim
379 365 604 430 decedentibus
646 367 712 450 his,
754 388 835 450 quos
871 367 1039 432 adversum

64 453 192 535 ierant,
214 451 255 514 ad
276 453 483 534 postremum⁴
497 451 605 516 cuncti
626 451 826 536 fugarentur.
871 452 917 516 its
936 451 1038 517 libero

65 538 107 602 ab
131 535 282 602 hostibus
307 538 452 620 tempore
482 534 595 600 Graeci
623 535 794 600 subductas
822 558 920 600 neves
943 540 1039 622 etque

64 623 101 720 in
126 621 274 719 ordinenr
289 621 484 719 composites
505 624 577 685 tuto
600 621 780 719 conlucent.
818 620 893 685 dein
912 642 951 684 ex
974 643 1027 718 orn

64 705 1066 888 tlttttlltrttfftrdtttttutstret:⁵

65 876 134 939 lem
156 874 307 939 cluss1um
328 877 425 958 etque
453 879 610 939 exereitus
637 895 695 958 per
734 878 823 940 etere
850 878 945 958 etque
971 895 1040 939 cor-

64 981 135 1024 nus
163 959 390 1024 distribuentes
417 959 557 1024 tradunt.
601 961 702 1045 Igitur
728 959 884 1024 ordinetis
906 958 1039 1042 disposi-

64 1046 176 1128 tisque
204 1043 352 1113 omnibus
379 1043 555 1128 Telephus,
590 1044 680 1109 euius
714 1043 881 1110 secuse
909 1043 1039 1107 Iroiem

64 1129 259 1212 navigatum
286 1131 349 1212 est,
383 1148 502 1214 magne
533 1129 583 1193 sui
616 1127 700 1213 apud
729 1129 903 1193 exercitum
933 1128 1038 1212 gretie
1052 1144 1077 1184 1⁰

65 1214 201 1278 domum
224 1211 366 1277 discedit.
391 1233 508 1310 ,neque
530 1213 632 1278 multo
684 1216 735 1278 cst
763 1212 1038 1310 circu-Protesilai

66 1297 415 1447 qepqlsstursmtunosttips
444 1299 607 1448 ogeupetis
632 1236 789 1444 ndiilquql
807 1297 866 1443 ὺαὲι
894 1300 1038 1442 temppre

66 1403 345 1550 surr:
368 1401 1040 1563 ,irruiturus,rsus

67 1551 196 1615 insidiis
249 1571 358 1616 reecos
386 1551 511 1616 invadit
538 1573 656 1636 eosque
685 1549 1077 1634 ancip1umaloterr1-1s

65 1641 119 1699 tos
155 1636 226 1699 sine
258 1635 326 1700 ullo
362 1636 475 1701 ordine
502 1657 539 1701 ee
567 1636 737 1720 discipline
763 1634 897 1699 militari
924 1633 1037 1719 fugere

66 1720 185 1806 coegit.
230 1718 305 1784 dein
326 1741 462 1804 propere
484 1721 617 1804 reliqui,
641 1720 757 1804 quibus
776 1741 844 1784 non
867 1740 905 1784 ee
926 1717 1038 1781 hume·

65 1804 114 1868 tio
139 1803 330 1869 demandata
351 1809 435 1890 eret,
463 1825 498 1870 re
520 1805 651 1891 cognite
673 1805 788 1870 ermuti
815 1806 894 1868 eunt
915 1807 1037 1866 contre.

66 1889 103 1953 in
133 1889 205 1973 quis
231 1887 376 1953 Achilles
411 1909 602 1974 congressus
635 1911 707 1954 eum
736 1908 811 1973 rege
840 1907 976 1970 eumque
1006 1891 1038 1950 et

65 1993 228 2121 plregnenql
236 1972 460 2123 virlnbhospium
480 1974 659 2057 interfecit,
682 1973 845 2037 conversis
867 1972 903 2035 in
924 1971 1036 2056 fugam
1050 1987 1076 2026 20

91 2079 131 2122 oc
152 2079 248 2122 mco
287 2080 375 2122 rere
390 2080 427 2122 rs.
769 2120 771 2124 .

67 2138 1038 2292 chdexffl.crgffiqqsppg1qppugqqqpsappiipqlercqpnqr

65 2315 136 2394 tur,
159 2311 208 2375 uti
229 2311 369 2394 primunr
383 2311 537 2376 finitimas
552 2311 668 2384 Troice
691 2310 837 2375 civitates
852 2331 924 2373 cum
946 2312 1037 2392 perte

66 2394 226 2460 exereitus
248 2395 365 2460 adeunt
392 2418 509 2479 easque
537 2396 627 2460 omni
648 2394 744 2460 modo
773 2395 947 2459 incursent.
991 2394 1037 2456 its
1050 2408 1075 2448 2⁵

66 2479 214 2545 omnium
235 2480 372 2563 primam
394 2479 496 2565 Cycni
517 2480 684 2580 regionem
710 2478 870 2544 invadunt
896 2479 1037 2541 vastant-

65 2584 129 2648 que
152 2564 272 2661 eireunr
287 2565 405 2650 omniu,
428 2564 484 2664 sed
506 2566 561 2630 ubr
583 2563 849 2663 Neaqdrr'ensium
864 2562 1036 2644 civitatem,

65 2669 251 2816 illeiis
273 2646 1037 2831 ,restituteillustretur

66 2838 217 2916 coepere,
240 2817 325 2883 cives
348 2819 417 2884 eius
431 2819 541 2884 multis
555 2821 703 2914 precibus
718 2819 919 2899 lserrmisque
935 2835 1035 2898 orere,
1049 2828 1075 2868 ³⁰

66 2903 117 2967 uti
139 2901 179 2967 eb
201 2906 331 2986 rncepto
347 2903 546 2988 desisterent,
569 2925 627 2988 per
647 2904 756 2969 omniu
777 2902 919 2965 humens
940 2902 1036 2982 atque

67 2987 179 3052 divine
200 2987 269 3051 nixi
291 2988 428 3072 genibus
450 2988 673 3073 deprecantes,
694 3009 736 3052 ne
758 2985 875 3050 delicte
895 2983 1036 3068 pessumi

67 3071 157 3136 ducis
183 3071 347 3137 ciuitatem
377 3073 543 3138 innoxium
569 3079 602 3138 et
626 3073 722 3157 peulo
750 3074 825 3155 post
847 3069 944 3134 fidem
974 3067 1036 3130 sibi

135 3209 213 3262 XIII.
231 3208 328 3260 Metal.
348 3212 396 3262 125
414 3211 474 3262 init.
493 3210 610 3265 Oedren.
629 3211 651 3260 P
671 3211 730 3260 126.

136 3343 305 3397 leduersus
324 3361 371 3396 eos
392 3345 424 3396 V.
493 3345 577 3398 edili
599 3349 648 3396 unt
668 3343 699 3396 (3¹
770 3345 801 3395 12
819 3339 943 3405 nihilque
961 3339 990 3388 iu
1012 3339 1038 3388 V

68 3415 100 3464 14
117 3415 203 3478 etque
215 3427 250 3463 ex
262 3414 304 3463 ed.
320 3415 432 3464 {lacertu
483 3415 516 3465 20
529 3414 558 3464 in
577 3361 645 3479 iuge
659 3411 715 3474 GB,
734 3412 763 3462 ln
781 3409 959 3476 tugemedr'lt.
972 3413 1034 3459 uett.

67 3487 149 3547 etque
162 3479 192 3530 in
204 3479 272 3546 fuge
281 3483 368 3533 induit
379 3477 541 3536 Dedericdru
575 3483 608 3532 2⁷
622 3479 835 3538 mentorenrium
847 3477 914 3537 libri,
926 3473 1035 3524 Obrech-

68 3545 361 3615 transrhenensium,
380 3550 532 3602 Perizonius
549 3546 780 3600 Neandriensium
797 3546 838 3595 Ite
855 3550 881 3594 et
896 3541 976 3602 infre.
