2414 3946
351 229 558 278 urenendurr
582 229 657 279 cnr.
674 231 725 278 111.
980 216 1023 282 59

61 371 147 450 ipsius
167 369 285 448 fulgore
306 369 440 432 considit.
485 370 593 432 diversi
614 388 687 450 ergo
708 369 781 432 caeli
802 376 831 431 et
852 371 1021 448 vagantium

61 454 207 516 stellarum
222 471 373 516 concursu
388 454 467 536 quod
483 454 695 537 [temperatur]
712 456 862 535 utrimque
877 455 1021 516 deteritur

62 547 89 600 et
101 541 177 601 inlra
192 539 267 608 lluit,
283 539 312 600 id
330 540 438 617 excipit
452 538 521 600 luna
538 550 567 600 et
581 539 635 600 soli
650 539 747 609 tradit,
765 558 823 619 quo
839 549 868 601 et
886 539 1021 600 animalia

59 625 208 702 vigescunt
230 631 259 684 et
279 624 389 685 humus
410 623 539 703 quodam
554 625 643 685 modo
664 626 811 685 animatur
831 622 952 704 genitali
973 641 1020 684 ca·

29 721 43 768 5
59 707 119 768 lore
134 708 181 790 [ut
195 709 236 769 ita
252 709 377 769 dixerim
390 706 481 789 viro].

117 792 280 854 Plurimum
295 793 326 853 in
342 791 507 871 originibus
521 791 620 854 valent
633 813 710 873 quae
723 795 754 854 in
770 799 838 854 ortu
853 802 935 864 snut,
957 793 1021 855 lan·

60 885 145 953 guent
165 879 198 937 in
218 895 336 938 occasu.
381 885 478 937 ortum
500 879 571 938 lacit
591 877 675 939 stella
696 896 784 958 quarn
805 875 849 939 sol
870 879 1055 957 praeterite

60 961 160 1023 deinde
185 963 342 1023 stelionem
369 963 558 1032 matutinam,
595 980 662 1023 cum
689 983 705 1024 a
731 964 834 1042 quinto
859 961 925 1022 loco
952 961 1022 1024 solis

60 1048 141 1106 stetit.
178 1048 210 1106 in
232 1046 336 1107 eodem
353 1056 451 1107 manet
466 1047 566 1125 signo,
589 1047 685 1107 donec
705 1046 741 1108 ab
757 1047 863 1109 eodem
878 1046 941 1109 sole
957 1065 1020 1107 mn-

18 1141 44 1190 10
60 1138 162 1192 reatur.
195 1149 271 1210 quae
286 1132 434 1191 contraria
450 1138 495 1191 est
509 1130 573 1200 soli,
589 1149 677 1192 mane
694 1132 810 1201 cecidit,
827 1132 921 1192 oritur
934 1131 1022 1193 simul

60 1222 139 1276 nocte
154 1222 184 1277 et
200 1221 320 1276 vocatur
336 1215 534 1297 acronycbos,
558 1215 666 1277 ddnde
685 1233 790 1277 rursus
810 1215 904 1278 altero
925 1215 1021 1277 latere

59 1301 188 1380 equium
210 1301 296 1378 signo
311 1300 496 1378 deprebensa
517 1299 779 1378 postmeridianam
800 1300 956 1360 stationem
976 1301 1020 1360 ia·

59 1385 111 1454 cit,
136 1385 232 1445 donec
246 1385 381 1464 ingresso
396 1384 458 1446 sole
480 1385 558 1446 idem
575 1387 691 1463 signum
708 1382 762 1446 sub
778 1385 869 1445 radiis
889 1386 952 1446 eius
967 1384 1018 1444 de-

59 1466 166 1530 liteseat
180 1476 211 1530 et
225 1468 256 1528 in
270 1475 364 1530 totum
379 1470 502 1531 occidat.

18 1561 43 1610 15
115 1555 268 1634 llspiciunt
288 1555 365 1615 inter
385 1573 418 1616 se
439 1553 541 1616 stellae
562 1573 598 1615 ex
619 1556 722 1633 quinto
743 1556 842 1634 signo,
874 1554 953 1633 quod
976 1555 1019 1616 di·
1037 1569 1054 1619 8

59 1637 129 1698 citur
144 1640 311 1716 trigonum,
328 1646 358 1700 et
372 1638 484 1700 babent
503 1641 661 1701 maximam
677 1641 914 1702 consensionem.
950 1642 1019 1702 item

59 1738 73 1780 a
91 1731 209 1802 quarto,
240 1723 319 1802 quod
340 1723 448 1785 dicitur
462 1731 651 1803 tetragonum
674 1723 719 1806 [et
733 1733 858 1788 centron
872 1723 1018 1805 vocatur],

59 1811 87 1863 et
108 1808 137 1868 in
163 1807 340 1869 alterutrum
361 1810 522 1870 maximum
543 1815 674 1887 praestat
694 1811 840 1871 ellectum.
885 1811 954 1871 item
983 1829 1019 1870 ex

60 1894 218 1963 contrario,
242 1893 321 1970 quod
337 1900 383 1954 est
397 1895 555 1971 septimum
571 1895 688 1970 signum
709 1901 739 1955 et
754 1894 918 1954 diametron
933 1912 1018 1954 voca·

18 1983 45 2032 tn
60 1979 103 2034 tur
128 1985 233 2055 estque
254 1979 381 2038 maxime
408 1977 575 2039 adversum.
617 1986 716 2040 cetera
743 1977 883 2039 dissident
908 1977 955 2038 vel
975 1977 1017 2038 le·

61 2059 127 2121 riter
147 2063 309 2140 aspiciunt,
331 2069 364 2123 nt
385 2065 505 2123 tertium
527 2063 679 2144 quodque,
704 2062 782 2141 quod
804 2061 913 2122 dicitur
927 2062 1017 2124 bera·

61 2159 162 2221 gonon.

115 2229 205 2309 Signa
227 2231 341 2310 tropica
366 2231 654 2310 peregrinationibus
675 2237 816 2312 praesunt
842 2239 873 2294 et
897 2232 1052 2296 omninoe

60 2312 227 2384 mobilibus,
257 2323 286 2376 et
305 2317 336 2376 in
358 2316 487 2378 consiliis
507 2316 632 2378 subinde
653 2318 767 2377 variant
786 2317 882 2396 adque
897 2334 1018 2394 permu-

19 2403 45 2452 25
60 2404 125 2458 tant.
157 2398 296 2460 biformia
317 2402 515 2478 geminatione
535 2418 636 2462 rerum
658 2402 790 2463 omnium
811 2402 1018 2481 repetitionem

60 2482 220 2559 significant
245 2491 274 2544 et
293 2486 412 2546 interim
437 2486 615 2548 dilationem.
660 2485 752 2548 solida
778 2485 968 2548 uehementer
990 2496 1020 2547 et

60 2563 194 2628 instanter
218 2568 348 2629 efficiunt
369 2578 398 2630 et
417 2570 453 2631 ad
476 2572 586 2632 exitum
607 2569 653 2632 uel
668 2589 811 2650 prospera
832 2569 877 2632 vel
898 2571 1019 2632 adversa

59 2650 234 2724 perducunt,
265 2654 341 2717 sicut
362 2656 547 2733 aspiciuntur
571 2674 587 2716 a
608 2655 699 2717 stellis
720 2654 766 2718 vel
787 2655 952 2717 laventibus
972 2654 1018 2716 vel

60 2736 295 2816 repugnantibus.

60 2919 255 2931 Q*—

120 3040 144 3094 1.
161 3040 272 3092 deverel
292 3045 320 3094 V
367 3057 506 3112 negentne
522 3044 579 3093 DV
644 3048 669 3094 2.
688 3047 858 3110 temperetur
875 3046 949 3094 eiecit
969 3045 1018 3094 Ur-

59 3105 151 3156 lt'cdsiue
220 3111 244 3160 3.
269 3125 385 3176 exceptu
409 3113 433 3161 D
501 3112 526 3162 b.
550 3121 610 3163 ante
631 3117 662 3163 ut
679 3116 751 3178 culpo
775 3116 804 3162 et
820 3113 881 3164 cdd.
949 3112 1019 3162 vivit

59 3174 117 3224 wal.
147 3175 286 3228 Urrtcnatuo
354 3182 379 3229 9.
410 3192 502 3229 srerrs
529 3180 568 3242 D,
598 3181 708 3231 steterit
736 3182 756 3231 d
764 3181 793 3230 V
857 3181 897 3230 10.
928 3175 1016 3246 qnae]

60 3240 126 3301 qnod
146 3242 173 3291 V
239 3248 279 3295 11.
298 3260 449 3298 cononicus
467 3261 619 3297 ucnourcns
631 3249 665 3310 D,
685 3248 828 3300 acronieos
841 3248 968 3297 eroaricus
984 3248 1017 3309 V,

60 3321 122 3360 corr.
139 3309 282 3363 Salmasius
299 3328 388 3367 exerc.
407 3315 474 3367 Ptin.
490 3331 518 3380 p.
532 3317 583 3365 em
599 3331 616 3364 a
627 3317 653 3365 F
719 3317 759 3368 13.
782 3314 937 3366 bertrescct
960 3311 1019 3379 (cat

61 3373 187 3444 diurna.)
206 3379 231 3429 D
301 3383 341 3436 tr.
361 3383 486 3432 centroni
508 3383 534 3433 V
602 3384 642 3433 19.
663 3396 775 3449 seprntn
794 3385 827 3441 l),
846 3383 952 3434 camd

61 3441 98 3491 20.
120 3442 307 3498 bissebeurD
375 3451 417 3500 21.
443 3464 587 3515 exanouon
606 3451 665 3501 DV
728 3453 771 3502 24.
795 3463 946 3502 mourntsns
965 3452 1022 3500 DV

123 3517 205 3577 etque
226 3515 255 3563 V
319 3517 360 3567 26.
379 3516 523 3569 doceamus
540 3519 597 3569 DV
