2414 3946
335 197 384 244 on
406 198 467 244 nm
490 197 620 246 ueram
643 196 718 245 cnr.
735 197 805 244 xiv.
1011 181 1051 246 27

73 347 129 398 eet
162 336 520 416 undequinquagensimo‚
558 356 645 417 quem
676 336 817 417 conplent
846 338 914 398 anni
944 339 1052 416 septies

71 421 215 500 septeni;
245 422 281 482 ad
303 439 391 500 quam
413 425 583 502 opinionem
605 422 802 502 plurimorum
824 439 985 484 consensus
1007 424 1051 483 in·

73 504 188 566 eliuat:
212 523 280 566 nam
296 505 432 584 quadrati
456 508 574 568 numeri
592 508 788 585 potentissimi
804 508 964 570 ducuntur.
999 507 1051 569 de·
1071 517 1101 566 12

73 591 175 668 nique
195 588 279 650 Plato
299 589 348 650 ille
368 591 466 651 veniat
486 593 593 651 veteris
613 591 816 671 philosophiae
838 593 1049 659 sanctissimus,

30 686 52 736 5
75 675 134 753 qni
156 674 302 752 quadrato
324 693 451 736 numero
473 693 617 736 annorum
634 677 721 738 vitam
737 676 894 737 humanam
912 694 1050 738 consum·

73 760 159 820 mari
175 761 302 836 putavit,
327 760 379 820 sed
394 762 569 828 novenario,
591 763 643 840 qni
657 761 777 840 conplet
792 779 885 822 annos
902 764 1049 839 octoginta

74 849 109 904 et
138 861 242 906 unum.
287 843 410 906 luerunt
436 846 523 906 etiam
545 847 595 923 qni
622 852 782 924 utrumque
802 847 972 922 reciperent
997 863 1050 905 uu·

74 946 214 999 merum,
244 928 620 1008 undequinquagensimum
643 937 672 990 et
693 931 928 1006 octogensimum
948 947 1049 1000 unum,

75 1019 110 1074 et
131 1014 280 1074 minorem
302 1015 456 1074 nocturnis
477 1012 651 1090 genesibus,
678 1015 821 1075 maiorem
843 1015 956 1074 diurnis
978 1015 1050 1073 scri·

15 1111 54 1160 10
74 1096 191 1158 herent
206 1119 237 1158 s.
272 1096 406 1176 plerique
424 1096 522 1178 [aliter
537 1097 623 1179 moti]
647 1098 721 1159 duos
736 1099 807 1157 istos
822 1115 965 1159 numeros
979 1096 1049 1159 suh·
1070 1111 1101 1159 13

77 1181 176 1242 tiliter
195 1183 396 1251 dicreverunt,
419 1183 551 1244 diceutes
572 1184 773 1263 septenarium
795 1183 832 1244 ed
848 1200 975 1260 corpus,
996 1200 1049 1242 no-

75 1267 236 1328 venarium
251 1265 287 1326 ad
304 1267 435 1327 animum
451 1266 617 1346 pertinere;
640 1267 721 1327 hune
732 1266 897 1329 medicinae
913 1269 1050 1345 corporis

77 1359 111 1412 et
126 1350 255 1429 Apollini
275 1349 476 1420 adtributum,
498 1350 580 1411 illum
595 1351 700 1420 Musis,
722 1354 790 1430 quia
805 1350 927 1412 morbos
948 1352 1048 1420 animi,

77 1452 158 1513 quos
173 1431 323 1514 appellant
337 1435 443 1514 pathe,
464 1436 577 1496 musice
592 1435 687 1496 lenire
710 1453 744 1496 ac
760 1452 866 1496 sanare
888 1453 1049 1496 consueve-

17 1533 55 1583 15
76 1521 130 1582 rit.
175 1521 274 1599 itaque
295 1521 425 1596 primum
447 1518 615 1581 climactera
637 1538 746 1581 anuum
768 1519 1048 1598 quadragensimum
1068 1531 1101 1578 14

77 1614 110 1666 et
121 1621 236 1666 nonum
246 1623 316 1666 esse
327 1605 533 1683 prodiderunt,
548 1603 684 1666 ultimum
701 1612 799 1666 antem
815 1604 1049 1682 octogensimum

77 1697 110 1750 et
132 1707 240 1757 unum;
264 1688 393 1749 medinm
409 1706 478 1749 vero
499 1707 535 1750 ex
556 1698 684 1768 utroque
699 1691 880 1768 permixtum
895 1706 973 1748 anno
989 1696 1048 1750 ter-

77 1775 122 1834 tio
149 1781 179 1834 et
206 1775 425 1852 sexagensimo,
455 1773 501 1833 vel
529 1791 617 1851 quem
643 1772 845 1835 hebdomades
871 1791 977 1834 novem
1003 1771 1050 1833 vel

77 1865 195 1936 septem
217 1857 365 1920 enneades
385 1858 554 1918 conficiunt.
589 1859 669 1920 huuc
683 1857 753 1919 licet
766 1858 885 1936 quidem
901 1855 1048 1935 periculo·
1069 1868 1100 1917 15

20 1957 60 2006 20
81 1944 232 2004 sissimum
248 1942 360 2013 dicant,
377 1943 455 2022 quod
472 1943 508 2003 ad
525 1960 635 2023 corpus
650 1949 679 2003 et
693 1942 730 2002 ad
747 1944 877 2003 animum
893 1941 1048 2018 pertineat,

80 2045 139 2105 ego
154 2035 253 2089 umen
268 2029 374 2088 ceteris
389 2027 465 2088 duco
486 2027 688 2088 infirmiorem.
725 2044 793 2086 nam
810 2034 969 2103 utrumque
985 2026 1049 2102 qui-

80 2112 152 2173 dem
166 2129 255 2190 snpra
277 2112 388 2173 dietum
405 2113 537 2173 continet
553 2129 726 2181 nnmerum,
749 2110 800 2172 sed
816 2118 955 2172 neutrum
977 2127 1049 2187 que·

81 2196 217 2268 drotum,
243 2203 272 2258 et
291 2203 325 2258 ut
341 2202 386 2258 est
401 2195 438 2257 ah
461 2203 587 2276 utroque
602 2214 662 2256 nou
684 2195 815 2264 alienus,
842 2196 880 2255 ita
896 2197 926 2255 in
944 2200 1048 2254 neutro

81 2287 197 2360 potens.
243 2299 298 2342 nec
326 2279 434 2341 multos
461 2298 546 2348 sane,
577 2298 653 2360 quos
672 2287 801 2342 vetustas
823 2278 903 2340 claro
929 2279 1050 2339 nomine

25 2377 62 2428 25
82 2363 228 2436 celebrat,
250 2364 297 2427 hic
313 2381 407 2426 annus
423 2364 594 2444 absumpsit.
629 2363 806 2426 Aristotelen
823 2364 981 2441 Stagiriten
1001 2381 1049 2424 re·
1069 2375 1100 2423 16

151 2607 175 2652 1.
198 2601 268 2652 nube
292 2613 530 2668 quinquecrustmo
551 2603 595 2666 l),
616 2601 706 2652 enode
725 2616 770 2666 qu.
788 2603 819 2664 d,
845 2616 901 2651 uno
918 2599 951 2650 de
970 2600 1048 2665 qnin-

84 2671 245 2736 quugesimo
267 2670 295 2719 V
359 2673 564 2734 poposcerent
582 2672 607 2718 D
676 2672 701 2723 4.
719 2668 1049 2725 veniatveterisIahnus,

83 2744 177 2789 ueniet
195 2739 218 2799 (t
234 2741 261 2788 in
272 2753 324 2788 rae.
343 2739 419 2786 mum
435 2736 587 2799 litterarum)
606 2751 719 2787 cereata
737 2738 769 2794 D,
787 2737 885 2786 ueniat
903 2735 1005 2785 ceteris
1026 2734 1055 2783 V

83 2806 264 2858 6.nxxxDV
287 2829 290 2836 ·
329 2804 777 2856 i.inernnt-8.nnumom.V
843 2804 868 2852 8.
881 2800 1049 2852 nube-n·er

84 2889 157 2923 cxxx
174 2884 256 2923 unum
275 2874 300 2922 D
368 2875 392 2924 9.
413 2873 584 2923 ascriberent
601 2874 673 2937 outpo
692 2873 747 2922 sine
764 2876 826 2920 nota
844 2873 964 2926 lacunae,·
982 2869 1050 2918 seri-

83 2942 182 2991 berent
193 2939 262 2990 fieri.
282 2939 361 3004 quali
378 2940 496 2990 termino
515 2939 582 2990 duos
600 2946 648 2992 cet.
667 2954 714 3004 epo
729 2940 857 3002 proposui
867 2938 894 2986 in
905 2936 969 2995 Eos,
987 2938 1048 2986 6616-

83 3008 203 3058 dentacbe
222 3007 347 3058 Zettaebr.
368 3007 416 3070 fur
433 3008 526 3058 Pbitot.
544 3007 580 3058 11
598 3009 664 3058 1866
679 3024 706 3072 p.
721 3009 771 3056 626
841 3006 882 3055 10.
905 3004 975 3054 istos
993 3004 1049 3068 dV‚
1151 3033 1155 3042 ·

84 3090 143 3126 tsro
160 3076 185 3126 1)
256 3077 296 3125 11.
314 3074 512 3126 becaenennna
530 3076 568 3136 D,
592 3073 725 3126 decrevei
742 3071 870 3138 (inmarp.
884 3071 927 3122 dis
939 3087 970 3124 m.
984 3070 1047 3135 ree.)

88 3144 120 3203 V,
138 3141 328 3194 discreverunt
343 3146 415 3208 culpo
474 3145 513 3194 14.
532 3139 608 3206 πάθη
626 3144 698 3208 culpo
751 3141 790 3193 15.
810 3152 998 3191 enameerena
1016 3140 1050 3203 D,

85 3209 272 3262 clameectern
295 3211 325 3272 d,
349 3209 510 3277 climeetere
537 3210 562 3258 V
628 3225 664 3260 xr.
687 3223 721 3261 ar
741 3219 822 3258 unum
846 3222 910 3258 esse
929 3206 986 3256 DV

86 3279 125 3330 16.
147 3293 221 3330 cxxx
237 3278 292 3328 nV
361 3280 401 3331 18.
427 3278 595 3344 sexepisrmo
613 3279 650 3339 D,
675 3276 849 3342 sexagesimo
876 3275 904 3323 V
969 3273 1051 3325 ebdo—

85 3345 177 3396 mades
194 3346 219 3396 V
288 3347 328 3400 lu.
347 3344 507 3396 heuueebes
525 3346 551 3394 D
610 3346 660 3394 ⁴25.
681 3345 859 3395 assereretis
877 3343 900 3406 (6
912 3358 929 3392 α
940 3345 1011 3401 662,
1024 3349 1052 3397 ui

85 3412 192 3478 uidetur)
205 3415 240 3477 1),
260 3413 419 3464 aristoteles
441 3413 469 3462 V
534 3418 643 3477 seponit
662 3412 684 3475 (t
696 3414 721 3462 in
733 3411 799 3474 rae.)
817 3412 851 3472 Ι),
873 3410 997 3475 repperit
1019 3410 1050 3467 V,

87 3497 152 3534 corr.
166 3481 309 3532 Guilieiwn
