<?xml version="1.0" encoding="UTF-8"?>
<!DOCTYPE html PUBLIC "-//W3C//DTD XHTML 1.0 Transitional//EN"
    "http://www.w3.org/TR/xhtml1/DTD/xhtml1-transitional.dtd">
<html xmlns="http://www.w3.org/1999/xhtml" xml:lang="en" lang="en">
 <head>
  <title>
</title>
<meta http-equiv="Content-Type" content="text/html;charset=utf-8" />
  <meta name='ocr-system' content='tesseract 3.04.00' />
  <meta name='ocr-capabilities' content='ocr_page ocr_carea ocr_par ocr_line ocrx_word'/>
</head>
<body>
  <div class='ocr_page' id='page_1' title='image "./ephemeridosbell00meisgoog_0116.png"; bbox 0 0 2460 3940; ppageno 0'>
   <div class='ocr_carea' id='block_1_1' title="bbox 350 187 1147 256">
    <p class='ocr_par' dir='ltr' id='par_1_1' title="bbox 350 187 1147 256">
     <span class='ocr_line' id='line_1_1' title="bbox 350 187 1147 256; baseline -0.015 -16"><span class='ocrx_word' id='word_1_1' title='bbox 350 187 462 240; x_wconf 76' lang='lat' dir='ltr'><strong>BELLI</strong></span> <span class='ocrx_word' id='word_1_2' title='bbox 480 187 633 244; x_wconf 80' lang='lat' dir='ltr'>TROIANI</span> <span class='ocrx_word' id='word_1_3' title='bbox 651 191 721 242; x_wconf 87' lang='lat' dir='ltr'><strong>LIB.</strong></span> <span class='ocrx_word' id='word_1_4' title='bbox 738 193 772 244; x_wconf 88' lang='lat' dir='ltr'>V.</span> <span class='ocrx_word' id='word_1_5' title='bbox 998 189 1039 256; x_wconf 85' lang='lat'>93</span> <span class='ocrx_word' id='word_1_6' title='bbox 1062 195 1063 200; x_wconf 74' lang='grc'>’</span> <span class='ocrx_word' id='word_1_7' title='bbox 1145 221 1147 228; x_wconf 77' lang='grc'>,</span> 
     </span>
    </p>
   </div>
   <div class='ocr_carea' id='block_1_2' title="bbox 69 337 1082 2202">
    <p class='ocr_par' dir='ltr' id='par_1_2' title="bbox 69 337 1082 2202">
     <span class='ocr_line' id='line_1_2' title="bbox 74 337 1040 426; baseline 0.005 -24"><span class='ocrx_word' id='word_1_8' title='bbox 74 341 110 402; x_wconf 89' lang='lat' dir='ltr'>ut</span> <span class='ocrx_word' id='word_1_9' title='bbox 125 337 307 403; x_wconf 88' lang='lat' dir='ltr'>Palladium</span> <span class='ocrx_word' id='word_1_10' title='bbox 321 337 383 402; x_wconf 89' lang='lat' dir='ltr'>sibi</span> <span class='ocrx_word' id='word_1_11' title='bbox 397 337 552 404; x_wconf 84' lang='lat' dir='ltr'>traderet:</span> <span class='ocrx_word' id='word_1_12' title='bbox 570 339 752 404; x_wconf 88' lang='lat' dir='ltr'>habituram</span> <span class='ocrx_word' id='word_1_13' title='bbox 766 361 906 424; x_wconf 89' lang='lat' dir='ltr'>namque</span> <span class='ocrx_word' id='word_1_14' title='bbox 921 359 1040 426; x_wconf 86' lang='lat' dir='ltr'>magua</span> 
     </span>
     <span class='ocr_line' id='line_1_3' title="bbox 72 423 1040 572; baseline 0.003 -85"><span class='ocrx_word' id='word_1_15' title='bbox 72 423 149 521; x_wconf 38' lang='lat' dir='ltr'>eius.</span> <span class='ocrx_word' id='word_1_16' title='bbox 169 423 222 571; x_wconf 56' lang='lat' dir='ltr'>rplii</span> <span class='ocrx_word' id='word_1_17' title='bbox 245 423 397 506; x_wconf 85' lang='lat' dir='ltr'>praemia.</span> <span class='ocrx_word' id='word_1_18' title='bbox 422 424 490 521; x_wconf 39' lang='lat' dir='ltr'>&#39;ita</span> <span class='ocrx_word' id='word_1_19' title='bbox 517 424 660 508; x_wconf 86' lang='lat' dir='ltr'>perfecto</span> <span class='ocrx_word' id='word_1_20' title='bbox 688 425 833 572; x_wconf 81' lang='lat' dir='ltr'>negotiod</span> <span class='ocrx_word' id='word_1_21' title='bbox 849 425 889 489; x_wconf 90' lang='lat' dir='ltr'>ad</span> <span class='ocrx_word' id='word_1_22' title='bbox 910 431 1040 524; x_wconf 81' lang='lat' dir='ltr'>nostros</span> 
     </span>
     <span class='ocr_line' id='line_1_4' title="bbox 71 507 1041 689; baseline 0.003 -32"><span class='ocrx_word' id='word_1_23' title='bbox 71 511 518 689; x_wconf 53' lang='lat' dir='ltr'>{tttsttljttffilt</span> <span class='ocrx_word' id='word_1_24' title='bbox 525 507 1041 679; x_wconf 49' lang='lat' dir='ltr'>ltltutttutwttt</span> 
     </span>
     <span class='ocr_line' id='line_1_5' title="bbox 71 617 1066 765; baseline -0.002 -23"><span class='ocrx_word' id='word_1_25' title='bbox 71 677 223 742; x_wconf 83' lang='lat' dir='ltr'>vehiculo</span> <span class='ocrx_word' id='word_1_26' title='bbox 245 676 287 741; x_wconf 88' lang='lat' dir='ltr'>ad</span> <span class='ocrx_word' id='word_1_27' title='bbox 315 678 457 742; x_wconf 89' lang='lat' dir='ltr'>tentoria</span> <span class='ocrx_word' id='word_1_28' title='bbox 478 676 568 751; x_wconf 80' lang='lat' dir='ltr'>Ulixi</span> <span class='ocrx_word' id='word_1_29' title='bbox 594 701 653 761; x_wconf 89' lang='lat' dir='ltr'>per</span> <span class='ocrx_word' id='word_1_30' title='bbox 679 679 874 743; x_wconf 89' lang='lat' dir='ltr'>necessarios</span> <span class='ocrx_word' id='word_1_31' title='bbox 896 617 1066 765; x_wconf 78' lang='lat' dir='ltr'>fidosques</span> 
     </span>
     <span class='ocr_line' id='line_1_6' title="bbox 71 762 1042 848; baseline 0.003 -22"><span class='ocrx_word' id='word_1_32' title='bbox 71 783 150 826; x_wconf 91' lang='lat' dir='ltr'>suos</span> <span class='ocrx_word' id='word_1_33' title='bbox 171 762 349 828; x_wconf 84' lang='lat' dir='ltr'>remittunt.</span> <span class='ocrx_word' id='word_1_34' title='bbox 399 767 434 826; x_wconf 89' lang='lat' dir='ltr'>at</span> <span class='ocrx_word' id='word_1_35' title='bbox 460 763 541 827; x_wconf 90' lang='lat' dir='ltr'>lucis</span> <span class='ocrx_word' id='word_1_36' title='bbox 568 764 728 846; x_wconf 89' lang='lat' dir='ltr'>principio</span> <span class='ocrx_word' id='word_1_37' title='bbox 751 768 924 848; x_wconf 77' lang='lat' dir='ltr'><strong>postquam</strong></span> <span class='ocrx_word' id='word_1_38' title='bbox 951 786 1042 830; x_wconf 85' lang='lat' dir='ltr'>sena-</span> 
     </span>
     <span class='ocr_line' id='line_1_7' title="bbox 70 847 1042 934; baseline 0.004 -24"><span class='ocrx_word' id='word_1_39' title='bbox 70 851 127 912; x_wconf 88' lang='lat' dir='ltr'>tus</span> <span class='ocrx_word' id='word_1_40' title='bbox 150 850 278 912; x_wconf 87' lang='lat' dir='ltr'>coaetus</span> <span class='ocrx_word' id='word_1_41' title='bbox 300 850 333 912; x_wconf 91' lang='lat' dir='ltr'>et</span> <span class='ocrx_word' id='word_1_42' title='bbox 353 847 457 912; x_wconf 89' lang='lat' dir='ltr'>nostri</span> <span class='ocrx_word' id='word_1_43' title='bbox 484 848 622 934; x_wconf 83' lang='lat' dir='ltr'>ingressi</span> <span class='ocrx_word' id='word_1_44' title='bbox 643 851 733 931; x_wconf 90' lang='lat' dir='ltr'>sunt,</span> <span class='ocrx_word' id='word_1_45' title='bbox 761 849 910 913; x_wconf 88' lang='lat' dir='ltr'>Antenor</span> <span class='ocrx_word' id='word_1_46' title='bbox 941 847 1042 914; x_wconf 88' lang='lat' dir='ltr'>veluti</span> 
     </span>
     <span class='ocr_line' id='line_1_8' title="bbox 70 930 1041 1018; baseline 0.004 -24"><span class='ocrx_word' id='word_1_47' title='bbox 70 930 273 995; x_wconf 79' lang='lat' dir='ltr'>iracundiam</span> <span class='ocrx_word' id='word_1_48' title='bbox 286 931 483 997; x_wconf 82' lang='lat' dir='ltr'>Graecorum</span> <span class='ocrx_word' id='word_1_49' title='bbox 497 936 644 997; x_wconf 88' lang='lat' dir='ltr'>metuens</span> <span class='ocrx_word' id='word_1_50' title='bbox 665 933 792 997; x_wconf 85' lang='lat' dir='ltr'>veniam</span> <span class='ocrx_word' id='word_1_51' title='bbox 813 955 924 998; x_wconf 88' lang='lat' dir='ltr'>eorum</span> <span class='ocrx_word' id='word_1_52' title='bbox 939 955 1041 1018; x_wconf 86' lang='lat' dir='ltr'>orare,</span> 
     </span>
     <span class='ocr_line' id='line_1_9' title="bbox 96 1015 1040 1102; baseline 0.004 -22"><span class='ocrx_word' id='word_1_53' title='bbox 96 1036 158 1080; x_wconf 85' lang='lat' dir='ltr'>uae</span> <span class='ocrx_word' id='word_1_54' title='bbox 180 1015 347 1080; x_wconf 87' lang='lat' dir='ltr'>adversum</span> <span class='ocrx_word' id='word_1_55' title='bbox 376 1038 429 1081; x_wconf 89' lang='lat' dir='ltr'>eos</span> <span class='ocrx_word' id='word_1_56' title='bbox 477 1038 515 1082; x_wconf 89' lang='lat' dir='ltr'>ro</span> <span class='ocrx_word' id='word_1_57' title='bbox 542 1019 647 1102; x_wconf 90' lang='lat' dir='ltr'>patria</span> <span class='ocrx_word' id='word_1_58' title='bbox 669 1019 809 1082; x_wconf 88' lang='lat' dir='ltr'>exertius</span> <span class='ocrx_word' id='word_1_59' title='bbox 832 1018 1040 1084; x_wconf 73' lang='lat' dir='ltr'>disseruisset.</span> 
     </span>
     <span class='ocr_line' id='line_1_10' title="bbox 72 1038 1081 1189; baseline 0.002 -26"><span class='ocrx_word' id='word_1_60' title='bbox 72 1038 152 1164; x_wconf 74' lang='lat' dir='ltr'>dein</span> <span class='ocrx_word' id='word_1_61' title='bbox 166 1097 294 1165; x_wconf 81' lang='lat' dir='ltr'>Ulixes:</span> <span class='ocrx_word' id='word_1_62' title='bbox 317 1121 385 1165; x_wconf 91' lang='lat' dir='ltr'>non</span> <span class='ocrx_word' id='word_1_63' title='bbox 407 1123 440 1165; x_wconf 91' lang='lat' dir='ltr'>se</span> <span class='ocrx_word' id='word_1_64' title='bbox 455 1040 513 1166; x_wconf 77' lang='lat' dir='ltr'>lis</span> <span class='ocrx_word' id='word_1_65' title='bbox 528 1103 651 1166; x_wconf 86' lang='lat' dir='ltr'>moveri</span> <span class='ocrx_word' id='word_1_66' title='bbox 665 1114 770 1186; x_wconf 86' lang='lat' dir='ltr'>neque</span> <span class='ocrx_word' id='word_1_67' title='bbox 792 1103 964 1189; x_wconf 84' lang='lat' dir='ltr'>indignari,</span> <span class='ocrx_word' id='word_1_68' title='bbox 987 1104 1043 1170; x_wconf 88' lang='lat' dir='ltr'>sed</span> <span class='ocrx_word' id='word_1_69' title='bbox 1056 1125 1081 1165; x_wconf 90' lang='lat'>10</span> 
     </span>
     <span class='ocr_line' id='line_1_11' title="bbox 73 1183 1041 1268; baseline 0.006 -21"><span class='ocrx_word' id='word_1_70' title='bbox 73 1183 165 1268; x_wconf 91' lang='lat' dir='ltr'>quod</span> <span class='ocrx_word' id='word_1_71' title='bbox 191 1185 265 1249; x_wconf 88' lang='lat' dir='ltr'>finis</span> <span class='ocrx_word' id='word_1_72' title='bbox 292 1185 328 1249; x_wconf 89' lang='lat' dir='ltr'>in</span> <span class='ocrx_word' id='word_1_73' title='bbox 354 1187 522 1251; x_wconf 86' lang='lat' dir='ltr'>tractando</span> <span class='ocrx_word' id='word_1_74' title='bbox 552 1208 620 1251; x_wconf 91' lang='lat' dir='ltr'>non</span> <span class='ocrx_word' id='word_1_75' title='bbox 648 1187 868 1255; x_wconf 89' lang='lat' dir='ltr'>adhiberetur:</span> <span class='ocrx_word' id='word_1_76' title='bbox 903 1189 1041 1253; x_wconf 83' lang='lat' dir='ltr'>maxime</span> 
     </span>
     <span class='ocr_line' id='line_1_12' title="bbox 69 1269 1043 1422; baseline 0.002 -4"><span class='ocrx_word' id='word_1_77' title='bbox 69 1269 1043 1422; x_wconf 49' lang='lat' dir='ltr'>tfltllpfflttutstrattttttttfflddtt‘tt</span> 
     </span>
     <span class='ocr_line' id='line_1_13' title="bbox 71 1404 1043 1589; baseline 0.005 -88"><span class='ocrx_word' id='word_1_78' title='bbox 71 1404 274 1522; x_wconf 75' lang='lat' dir='ltr'>postremum</span> <span class='ocrx_word' id='word_1_79' title='bbox 296 1439 381 1503; x_wconf 88' lang='lat' dir='ltr'>binis</span> <span class='ocrx_word' id='word_1_80' title='bbox 402 1439 533 1504; x_wconf 87' lang='lat' dir='ltr'>milibus</span> <span class='ocrx_word' id='word_1_81' title='bbox 554 1441 752 1505; x_wconf 72' lang='lat' dir='ltr'>talentorum</span> <span class='ocrx_word' id='word_1_82' title='bbox 779 1441 849 1506; x_wconf 89' lang='lat' dir='ltr'>auri</span> <span class='ocrx_word' id='word_1_83' title='bbox 876 1445 973 1589; x_wconf 68' lang='lat' dir='ltr'>atpue</span> <span class='ocrx_word' id='word_1_84' title='bbox 995 1463 1043 1506; x_wconf 88' lang='lat' dir='ltr'>ar-</span> 
     </span>
     <span class='ocr_line' id='line_1_14' title="bbox 72 1524 1082 1672; baseline 0 -86"><span class='ocrx_word' id='word_1_85' title='bbox 72 1524 167 1672; x_wconf 47' lang='lat' dir='ltr'>genti</span> <span class='ocrx_word' id='word_1_86' title='bbox 194 1545 262 1587; x_wconf 91' lang='lat' dir='ltr'>rem</span> <span class='ocrx_word' id='word_1_87' title='bbox 291 1524 451 1589; x_wconf 90' lang='lat' dir='ltr'>decidunt.</span> <span class='ocrx_word' id='word_1_88' title='bbox 502 1524 589 1609; x_wconf 90' lang='lat' dir='ltr'>quod</span> <span class='ocrx_word' id='word_1_89' title='bbox 622 1525 670 1590; x_wconf 87' lang='lat' dir='ltr'>uti</span> <span class='ocrx_word' id='word_1_90' title='bbox 705 1525 744 1589; x_wconf 91' lang='lat' dir='ltr'>ad</span> <span class='ocrx_word' id='word_1_91' title='bbox 773 1547 848 1590; x_wconf 90' lang='lat' dir='ltr'>suos</span> <span class='ocrx_word' id='word_1_92' title='bbox 876 1547 910 1589; x_wconf 91' lang='lat' dir='ltr'>re</span> <span class='ocrx_word' id='word_1_93' title='bbox 926 1529 1042 1608; x_wconf 88' lang='lat' dir='ltr'>errent,</span> <span class='ocrx_word' id='word_1_94' title='bbox 1057 1545 1082 1587; x_wconf 79' lang='lat'>15</span> 
     </span>
     <span class='ocr_line' id='line_1_15' title="bbox 106 1607 1044 1682; baseline 0.004 -11"><span class='ocrx_word' id='word_1_95' title='bbox 106 1608 192 1672; x_wconf 89' lang='lat' dir='ltr'>raeci</span> <span class='ocrx_word' id='word_1_96' title='bbox 206 1607 360 1682; x_wconf 82' lang='lat' dir='ltr'>adnaves</span> <span class='ocrx_word' id='word_1_97' title='bbox 376 1609 504 1674; x_wconf 89' lang='lat' dir='ltr'>abeunt.</span> <span class='ocrx_word' id='word_1_98' title='bbox 534 1609 580 1674; x_wconf 91' lang='lat' dir='ltr'>ibi</span> <span class='ocrx_word' id='word_1_99' title='bbox 600 1608 766 1674; x_wconf 88' lang='lat' dir='ltr'>conductis</span> <span class='ocrx_word' id='word_1_100' title='bbox 781 1609 914 1675; x_wconf 89' lang='lat' dir='ltr'>ducibus</span> <span class='ocrx_word' id='word_1_101' title='bbox 929 1614 1044 1675; x_wconf 89' lang='lat' dir='ltr'>cuncta</span> 
     </span>
     <span class='ocr_line' id='line_1_16' title="bbox 75 1693 1044 1779; baseline 0.003 -23"><span class='ocrx_word' id='word_1_102' title='bbox 75 1693 165 1756; x_wconf 85' lang='lat' dir='ltr'>dicta</span> <span class='ocrx_word' id='word_1_103' title='bbox 179 1695 332 1776; x_wconf 74' lang='lat' dir='ltr'>gestaque</span> <span class='ocrx_word' id='word_1_104' title='bbox 348 1698 528 1777; x_wconf 88' lang='lat' dir='ltr'>exponunt:</span> <span class='ocrx_word' id='word_1_105' title='bbox 551 1693 731 1759; x_wconf 88' lang='lat' dir='ltr'>Palladium</span> <span class='ocrx_word' id='word_1_106' title='bbox 748 1694 891 1760; x_wconf 84' lang='lat' dir='ltr'>ablatum</span> <span class='ocrx_word' id='word_1_107' title='bbox 905 1717 963 1779; x_wconf 91' lang='lat' dir='ltr'>per</span> <span class='ocrx_word' id='word_1_108' title='bbox 978 1695 1044 1759; x_wconf 90' lang='lat' dir='ltr'>An-</span> 
     </span>
     <span class='ocr_line' id='line_1_17' title="bbox 75 1775 1044 1863; baseline 0.004 -23"><span class='ocrx_word' id='word_1_109' title='bbox 75 1781 226 1841; x_wconf 79' lang='lat' dir='ltr'>tenorem</span> <span class='ocrx_word' id='word_1_110' title='bbox 247 1775 372 1844; x_wconf 87' lang='lat' dir='ltr'>docent.</span> <span class='ocrx_word' id='word_1_111' title='bbox 409 1779 484 1842; x_wconf 90' lang='lat' dir='ltr'>dein</span> <span class='ocrx_word' id='word_1_112' title='bbox 499 1799 538 1842; x_wconf 87' lang='lat' dir='ltr'>ex</span> <span class='ocrx_word' id='word_1_113' title='bbox 560 1780 705 1843; x_wconf 88' lang='lat' dir='ltr'>omniurn</span> <span class='ocrx_word' id='word_1_114' title='bbox 727 1781 888 1844; x_wconf 90' lang='lat' dir='ltr'>sententia</span> <span class='ocrx_word' id='word_1_115' title='bbox 901 1780 1044 1863; x_wconf 86' lang='lat' dir='ltr'>reliquus</span> 
     </span>
     <span class='ocr_line' id='line_1_18' title="bbox 71 1861 919 1947; baseline 0.008 -23"><span class='ocrx_word' id='word_1_116' title='bbox 71 1861 168 1926; x_wconf 87' lang='lat' dir='ltr'>miles</span> <span class='ocrx_word' id='word_1_117' title='bbox 188 1882 257 1926; x_wconf 92' lang='lat' dir='ltr'>rem</span> <span class='ocrx_word' id='word_1_118' title='bbox 279 1863 454 1947; x_wconf 82' lang='lat' dir='ltr'>cognoscit.</span> <span class='ocrx_word' id='word_1_119' title='bbox 916 1882 919 1888; x_wconf 85' lang='grc'><strong>’</strong></span> 
     </span>
     <span class='ocr_line' id='line_1_19' title="bbox 162 1945 1082 2031; baseline -0.002 -21"><span class='ocrx_word' id='word_1_120' title='bbox 162 1945 219 2012; x_wconf 85' lang='grc' dir='ltr'>ΙΧ.</span> <span class='ocrx_word' id='word_1_121' title='bbox 257 1945 308 2011; x_wconf 90' lang='lat' dir='ltr'>Ob</span> <span class='ocrx_word' id='word_1_122' title='bbox 358 1969 418 2012; x_wconf 89' lang='lat' dir='ltr'>uae</span> <span class='ocrx_word' id='word_1_123' title='bbox 444 1948 551 2031; x_wconf 89' lang='lat' dir='ltr'>placet</span> <span class='ocrx_word' id='word_1_124' title='bbox 576 1948 735 2012; x_wconf 86' lang='lat' dir='ltr'>universis</span> <span class='ocrx_word' id='word_1_125' title='bbox 763 1948 849 2011; x_wconf 90' lang='lat' dir='ltr'>mitti</span> <span class='ocrx_word' id='word_1_126' title='bbox 878 1946 1043 2012; x_wconf 85' lang='lat' dir='ltr'>Minervae</span> <span class='ocrx_word' id='word_1_127' title='bbox 1057 1968 1082 2008; x_wconf 84' lang='lat' dir='ltr'>so</span> 
     </span>
     <span class='ocr_line' id='line_1_20' title="bbox 73 1969 1044 2114; baseline 0.001 -20"><span class='ocrx_word' id='word_1_128' title='bbox 73 2030 198 2096; x_wconf 92' lang='lat' dir='ltr'>donum</span> <span class='ocrx_word' id='word_1_129' title='bbox 220 2053 317 2114; x_wconf 88' lang='lat' dir='ltr'>quam</span> <span class='ocrx_word' id='word_1_130' title='bbox 336 1969 632 2096; x_wconf 70' lang='lat' dir='ltr'>lonoratissimum.</span> <span class='ocrx_word' id='word_1_131' title='bbox 675 2036 746 2096; x_wconf 88' lang='lat' dir='ltr'>tum</span> <span class='ocrx_word' id='word_1_132' title='bbox 769 2032 889 2096; x_wconf 88' lang='lat' dir='ltr'>accitus</span> <span class='ocrx_word' id='word_1_133' title='bbox 911 2031 951 2095; x_wconf 88' lang='lat' dir='ltr'>ad</span> <span class='ocrx_word' id='word_1_134' title='bbox 973 2055 1044 2096; x_wconf 89' lang='lat' dir='ltr'>eam</span> 
     </span>
     <span class='ocr_line' id='line_1_21' title="bbox 72 2113 1044 2202; baseline 0.001 -23"><span class='ocrx_word' id='word_1_135' title='bbox 72 2137 146 2180; x_wconf 90' lang='lat' dir='ltr'>rem</span> <span class='ocrx_word' id='word_1_136' title='bbox 167 2113 312 2180; x_wconf 89' lang='lat' dir='ltr'>Helenus</span> <span class='ocrx_word' id='word_1_137' title='bbox 334 2121 464 2201; x_wconf 82' lang='lat' dir='ltr'>cuneta,</span> <span class='ocrx_word' id='word_1_138' title='bbox 493 2138 574 2200; x_wconf 90' lang='lat' dir='ltr'>quae</span> <span class='ocrx_word' id='word_1_139' title='bbox 603 2117 686 2180; x_wconf 88' lang='lat' dir='ltr'>olam</span> <span class='ocrx_word' id='word_1_140' title='bbox 707 2138 741 2180; x_wconf 91' lang='lat' dir='ltr'>se</span> <span class='ocrx_word' id='word_1_141' title='bbox 764 2119 855 2202; x_wconf 81' lang='lat' dir='ltr'>gesta</span> <span class='ocrx_word' id='word_1_142' title='bbox 877 2120 984 2199; x_wconf 87' lang='lat' dir='ltr'>erant,</span> <span class='ocrx_word' id='word_1_143' title='bbox 1007 2137 1044 2180; x_wconf 89' lang='lat' dir='ltr'>ac</span> 
     </span>
    </p>
   </div>
   <div class='ocr_carea' id='block_1_3' title="bbox 72 2199 1045 2285">
    <p class='ocr_par' dir='ltr' id='par_1_3' title="bbox 72 2199 1045 2285">
     <span class='ocr_line' id='line_1_22' title="bbox 72 2199 1045 2285; baseline 0 -21"><span class='ocrx_word' id='word_1_144' title='bbox 72 2201 103 2264; x_wconf 88' lang='lat' dir='ltr'>si</span> <span class='ocrx_word' id='word_1_145' title='bbox 124 2219 276 2284; x_wconf 80' lang='lat' dir='ltr'>praesens</span> <span class='ocrx_word' id='word_1_146' title='bbox 297 2201 461 2285; x_wconf 85' lang='lat' dir='ltr'>adfuisset,</span> <span class='ocrx_word' id='word_1_147' title='bbox 486 2201 597 2266; x_wconf 88' lang='lat' dir='ltr'>ordine</span> <span class='ocrx_word' id='word_1_148' title='bbox 620 2201 754 2285; x_wconf 81' lang='lat' dir='ltr'>exponit</span> <span class='ocrx_word' id='word_1_149' title='bbox 775 2199 926 2285; x_wconf 83' lang='lat' dir='ltr'>additque</span> <span class='ocrx_word' id='word_1_150' title='bbox 946 2201 1045 2265; x_wconf 83' lang='lat' dir='ltr'>linem</span> 
     </span>
    </p>
   </div>
   <div class='ocr_carea' id='block_1_4' title="bbox 72 2284 1045 2435">
    <p class='ocr_par' dir='ltr' id='par_1_4' title="bbox 72 2284 1045 2435">
     <span class='ocr_line' id='line_1_23' title="bbox 72 2284 1045 2435; baseline 0.001 -86"><span class='ocrx_word' id='word_1_151' title='bbox 72 2286 144 2349; x_wconf 89' lang='lat' dir='ltr'>iam</span> <span class='ocrx_word' id='word_1_152' title='bbox 158 2284 324 2350; x_wconf 84' lang='lat' dir='ltr'>advenisse</span> <span class='ocrx_word' id='word_1_153' title='bbox 335 2285 547 2350; x_wconf 65' lang='lat' dir='ltr'>[lroianarum</span> <span class='ocrx_word' id='word_1_154' title='bbox 561 2307 684 2350; x_wconf 88' lang='lat' dir='ltr'>rerum:</span> <span class='ocrx_word' id='word_1_155' title='bbox 700 2286 777 2370; x_wconf 92' lang='lat' dir='ltr'>quip</span> <span class='ocrx_word' id='word_1_156' title='bbox 803 2306 819 2350; x_wconf 88' lang='lat' dir='ltr'>e</span> <span class='ocrx_word' id='word_1_157' title='bbox 827 2307 895 2435; x_wconf 57' lang='lat' dir='ltr'>pino</span> <span class='ocrx_word' id='word_1_158' title='bbox 906 2287 1045 2350; x_wconf 84' lang='lat' dir='ltr'>maxime</span> 
     </span>
    </p>
   </div>
   <div class='ocr_carea' id='block_1_5' title="bbox 71 2370 1083 3132">
    <p class='ocr_par' dir='ltr' id='par_1_5' title="bbox 71 2370 1083 3132">
     <span class='ocr_line' id='line_1_24' title="bbox 73 2370 1083 2455; baseline -0.003 -22"><span class='ocrx_word' id='word_1_159' title='bbox 73 2373 311 2435; x_wconf 81' lang='lat' dir='ltr'>sustentaretur</span> <span class='ocrx_word' id='word_1_160' title='bbox 332 2391 457 2436; x_wconf 86' lang='lat' dir='ltr'>summa</span> <span class='ocrx_word' id='word_1_161' title='bbox 472 2371 611 2436; x_wconf 86' lang='lat' dir='ltr'>civitatis</span> <span class='ocrx_word' id='word_1_162' title='bbox 634 2371 713 2455; x_wconf 88' lang='lat' dir='ltr'>eius,</span> <span class='ocrx_word' id='word_1_163' title='bbox 734 2370 761 2434; x_wconf 94' lang='lat' dir='ltr'>P</span> <span class='ocrx_word' id='word_1_164' title='bbox 794 2370 826 2434; x_wconf 89' lang='lat' dir='ltr'>la</span> <span class='ocrx_word' id='word_1_165' title='bbox 859 2392 915 2434; x_wconf 91' lang='lat' dir='ltr'>um</span> <span class='ocrx_word' id='word_1_166' title='bbox 934 2370 1043 2454; x_wconf 87' lang='lat' dir='ltr'>fuisse,</span> <span class='ocrx_word' id='word_1_167' title='bbox 1058 2389 1083 2430; x_wconf 80' lang='lat' dir='ltr'>a</span> 
     </span>
     <span class='ocr_line' id='line_1_25' title="bbox 72 2453 1046 2542; baseline 0 -24"><span class='ocrx_word' id='word_1_168' title='bbox 72 2475 141 2538; x_wconf 91' lang='lat' dir='ltr'>quo</span> <span class='ocrx_word' id='word_1_169' title='bbox 171 2454 279 2519; x_wconf 88' lang='lat' dir='ltr'>ablato</span> <span class='ocrx_word' id='word_1_170' title='bbox 307 2456 441 2520; x_wconf 90' lang='lat' dir='ltr'>exitium</span> <span class='ocrx_word' id='word_1_171' title='bbox 469 2456 629 2542; x_wconf 85' lang='lat' dir='ltr'>ingruere.</span> <span class='ocrx_word' id='word_1_172' title='bbox 674 2459 816 2520; x_wconf 87' lang='lat' dir='ltr'>ceterum</span> <span class='ocrx_word' id='word_1_173' title='bbox 843 2455 964 2520; x_wconf 89' lang='lat' dir='ltr'>donum</span> <span class='ocrx_word' id='word_1_174' title='bbox 985 2453 1046 2518; x_wconf 90' lang='lat' dir='ltr'>Mi·</span> 
     </span>
     <span class='ocr_line' id='line_1_26' title="bbox 72 2538 1046 2625; baseline 0.001 -22"><span class='ocrx_word' id='word_1_175' title='bbox 72 2560 195 2604; x_wconf 85' lang='lat' dir='ltr'>nervae</span> <span class='ocrx_word' id='word_1_176' title='bbox 209 2538 309 2604; x_wconf 87' lang='lat' dir='ltr'>fatale</span> <span class='ocrx_word' id='word_1_177' title='bbox 324 2539 472 2605; x_wconf 83' lang='lat' dir='ltr'>Troianis</span> <span class='ocrx_word' id='word_1_178' title='bbox 488 2562 566 2624; x_wconf 82' lang='lat' dir='ltr'>esse,</span> <span class='ocrx_word' id='word_1_179' title='bbox 586 2561 703 2625; x_wconf 88' lang='lat' dir='ltr'>equum</span> <span class='ocrx_word' id='word_1_180' title='bbox 725 2540 816 2625; x_wconf 82' lang='lat' dir='ltr'>ligno</span> <span class='ocrx_word' id='word_1_181' title='bbox 832 2539 1046 2604; x_wconf 85' lang='lat' dir='ltr'>fabrefactum</span> 
     </span>
     <span class='ocr_line' id='line_1_27' title="bbox 73 2623 1046 2710; baseline 0.001 -23"><span class='ocrx_word' id='word_1_182' title='bbox 73 2623 183 2688; x_wconf 87' lang='lat' dir='ltr'>forma</span> <span class='ocrx_word' id='word_1_183' title='bbox 203 2623 339 2709; x_wconf 88' lang='lat' dir='ltr'>ingenti,</span> <span class='ocrx_word' id='word_1_184' title='bbox 362 2625 452 2689; x_wconf 91' lang='lat' dir='ltr'>cuius</span> <span class='ocrx_word' id='word_1_185' title='bbox 474 2624 697 2710; x_wconf 81' lang='lat' dir='ltr'>magnitudine</span> <span class='ocrx_word' id='word_1_186' title='bbox 719 2626 803 2690; x_wconf 90' lang='lat' dir='ltr'>muri</span> <span class='ocrx_word' id='word_1_187' title='bbox 831 2624 977 2689; x_wconf 84' lang='lat' dir='ltr'>solvendi</span> <span class='ocrx_word' id='word_1_188' title='bbox 999 2645 1046 2688; x_wconf 89' lang='lat' dir='ltr'>es-</span> 
     </span>
     <span class='ocr_line' id='line_1_28' title="bbox 72 2707 1046 2793; baseline 0.001 -22"><span class='ocrx_word' id='word_1_189' title='bbox 72 2713 164 2791; x_wconf 84' lang='lat' dir='ltr'>sent,</span> <span class='ocrx_word' id='word_1_190' title='bbox 198 2707 362 2773; x_wconf 82' lang='lat' dir='ltr'>adnitente</span> <span class='ocrx_word' id='word_1_191' title='bbox 396 2714 492 2793; x_wconf 92' lang='lat' dir='ltr'>atque</span> <span class='ocrx_word' id='word_1_192' title='bbox 526 2709 715 2774; x_wconf 87' lang='lat' dir='ltr'>administro</span> <span class='ocrx_word' id='word_1_193' title='bbox 743 2711 919 2774; x_wconf 85' lang='lat' dir='ltr'>Antenore.</span> <span class='ocrx_word' id='word_1_194' title='bbox 970 2708 1046 2773; x_wconf 89' lang='lat' dir='ltr'>dein</span> 
     </span>
     <span class='ocr_line' id='line_1_29' title="bbox 71 2791 1083 2877; baseline -0.003 -21"><span class='ocrx_word' id='word_1_195' title='bbox 71 2791 262 2858; x_wconf 87' lang='lat' dir='ltr'>recordatus</span> <span class='ocrx_word' id='word_1_196' title='bbox 296 2799 464 2877; x_wconf 90' lang='lat' dir='ltr'>parentem</span> <span class='ocrx_word' id='word_1_197' title='bbox 489 2793 654 2859; x_wconf 86' lang='lat' dir='ltr'>Priamum</span> <span class='ocrx_word' id='word_1_198' title='bbox 688 2794 895 2877; x_wconf 87' lang='lat' dir='ltr'>residuosque</span> <span class='ocrx_word' id='word_1_199' title='bbox 928 2793 1044 2857; x_wconf 79' lang='lat' dir='ltr'>fratres</span> <span class='ocrx_word' id='word_1_200' title='bbox 1058 2811 1083 2852; x_wconf 81' lang='lat' dir='ltr'>ao</span> 
     </span>
     <span class='ocr_line' id='line_1_30' title="bbox 73 2877 1046 2962; baseline -0.001 -21"><span class='ocrx_word' id='word_1_201' title='bbox 73 2877 188 2941; x_wconf 89' lang='lat' dir='ltr'>fletum</span> <span class='ocrx_word' id='word_1_202' title='bbox 216 2877 284 2942; x_wconf 89' lang='lat' dir='ltr'>edit</span> <span class='ocrx_word' id='word_1_203' title='bbox 308 2879 538 2962; x_wconf 87' lang='lat' dir='ltr'>miserabilem,</span> <span class='ocrx_word' id='word_1_204' title='bbox 567 2882 789 2945; x_wconf 88' lang='lat' dir='ltr'>consternatus</span> <span class='ocrx_word' id='word_1_205' title='bbox 818 2900 876 2962; x_wconf 90' lang='lat' dir='ltr'>per</span> <span class='ocrx_word' id='word_1_206' title='bbox 901 2877 1046 2942; x_wconf 91' lang='lat' dir='ltr'>dolorem</span> 
     </span>
     <span class='ocr_line' id='line_1_31' title="bbox 74 2961 1045 3047; baseline 0.002 -22"><span class='ocrx_word' id='word_1_207' title='bbox 74 2965 173 3046; x_wconf 88' lang='lat' dir='ltr'>atque</span> <span class='ocrx_word' id='word_1_208' title='bbox 202 2964 444 3047; x_wconf 81' lang='lat' dir='ltr'>obstupefactus</span> <span class='ocrx_word' id='word_1_209' title='bbox 477 2964 551 3029; x_wconf 86' lang='lat' dir='ltr'>ruit.</span> <span class='ocrx_word' id='word_1_210' title='bbox 601 2968 671 3028; x_wconf 87' lang='lat' dir='ltr'>tum</span> <span class='ocrx_word' id='word_1_211' title='bbox 698 2961 841 3047; x_wconf 85' lang='lat' dir='ltr'>Pyrrhus</span> <span class='ocrx_word' id='word_1_212' title='bbox 875 2961 1045 3028; x_wconf 88' lang='lat' dir='ltr'>collectum</span> 
     </span>
     <span class='ocr_line' id='line_1_32' title="bbox 75 3046 1045 3132; baseline 0 -21"><span class='ocrx_word' id='word_1_213' title='bbox 75 3067 151 3112; x_wconf 90' lang='lat' dir='ltr'>eum</span> <span class='ocrx_word' id='word_1_214' title='bbox 179 3046 398 3132; x_wconf 75' lang='lat' dir='ltr'>retentumque</span> <span class='ocrx_word' id='word_1_215' title='bbox 427 3049 527 3114; x_wconf 87' lang='lat' dir='ltr'>animi</span> <span class='ocrx_word' id='word_1_216' title='bbox 555 3047 595 3113; x_wconf 90' lang='lat' dir='ltr'>ad</span> <span class='ocrx_word' id='word_1_217' title='bbox 623 3070 657 3112; x_wconf 90' lang='lat' dir='ltr'>se</span> <span class='ocrx_word' id='word_1_218' title='bbox 686 3047 814 3112; x_wconf 79' lang='lat' dir='ltr'>deducit</span> <span class='ocrx_word' id='word_1_219' title='bbox 835 3047 1045 3130; x_wconf 79' lang='lat' dir='ltr'>custodesque</span> 
     </span>
    </p>
   </div>
   <div class='ocr_carea' id='block_1_6' title="bbox 142 3234 530 3291">
    <p class='ocr_par' dir='ltr' id='par_1_6' title="bbox 142 3234 530 3291">
     <span class='ocr_line' id='line_1_33' title="bbox 142 3234 530 3291; baseline 0.005 -6"><span class='ocrx_word' id='word_1_220' title='bbox 142 3234 183 3285; x_wconf 89' lang='lat' dir='ltr'>IX</span> <span class='ocrx_word' id='word_1_221' title='bbox 203 3235 298 3286; x_wconf 73' lang='lat' dir='ltr'>const.</span> <span class='ocrx_word' id='word_1_222' title='bbox 317 3236 438 3291; x_wconf 84' lang='lat' dir='ltr'>Manass.</span> <span class='ocrx_word' id='word_1_223' title='bbox 457 3237 479 3286; x_wconf 93' lang='lat' dir='ltr'><strong>P</strong></span> <span class='ocrx_word' id='word_1_224' title='bbox 497 3239 530 3288; x_wconf 80' lang='lat'>29</span> 
     </span>
    </p>
   </div>
   <div class='ocr_carea' id='block_1_7' title="bbox 143 3402 1046 3471">
    <p class='ocr_par' dir='ltr' id='par_1_7' title="bbox 143 3402 1046 3471">
     <span class='ocr_line' id='line_1_34' title="bbox 143 3402 1046 3471; baseline -0.001 -16"><span class='ocrx_word' id='word_1_225' title='bbox 143 3407 161 3455; x_wconf 82' lang='lat'>4</span> <span class='ocrx_word' id='word_1_226' title='bbox 176 3407 396 3470; x_wconf 79' lang='lat' dir='ltr'>praepositionem</span> <span class='ocrx_word' id='word_1_227' title='bbox 413 3423 431 3456; x_wconf 84' lang='lat' dir='ltr'>e</span> <span class='ocrx_word' id='word_1_228' title='bbox 449 3421 497 3457; x_wconf 86' lang='lat' dir='ltr'>om.</span> <span class='ocrx_word' id='word_1_229' title='bbox 512 3403 559 3456; x_wconf 78' lang='lat' dir='ltr'>OB</span> <span class='ocrx_word' id='word_1_230' title='bbox 577 3406 639 3456; x_wconf 84' lang='lat' dir='ltr'>add.</span> <span class='ocrx_word' id='word_1_231' title='bbox 662 3406 712 3455; x_wconf 88' lang='lat' dir='ltr'>VP</span> <span class='ocrx_word' id='word_1_232' title='bbox 778 3406 808 3456; x_wconf 90' lang='lat'>11</span> <span class='ocrx_word' id='word_1_233' title='bbox 828 3419 883 3471; x_wconf 90' lang='lat' dir='ltr'>quo</span> <span class='ocrx_word' id='word_1_234' title='bbox 903 3402 950 3454; x_wconf 81' lang='lat' dir='ltr'>GB</span> <span class='ocrx_word' id='word_1_235' title='bbox 974 3404 1046 3470; x_wconf 89' lang='lat' dir='ltr'>quod</span> 
     </span>
    </p>
   </div>
   <div class='ocr_carea' id='block_1_8' title="bbox 80 3472 1048 3538">
    <p class='ocr_par' dir='ltr' id='par_1_8' title="bbox 80 3472 1048 3538">
     <span class='ocr_line' id='line_1_35' title="bbox 80 3472 1048 3538; baseline -0.002 -14"><span class='ocrx_word' id='word_1_236' title='bbox 80 3474 131 3524; x_wconf 85' lang='lat' dir='ltr'>VP</span> <span class='ocrx_word' id='word_1_237' title='bbox 204 3475 235 3522; x_wconf 81' lang='lat'>12</span> <span class='ocrx_word' id='word_1_238' title='bbox 254 3473 382 3538; x_wconf 85' lang='lat' dir='ltr'>peruclet</span> <span class='ocrx_word' id='word_1_239' title='bbox 401 3473 423 3524; x_wconf 80' lang='lat' dir='ltr'><em>G</em></span> <span class='ocrx_word' id='word_1_240' title='bbox 440 3489 510 3528; x_wconf 73' lang='lat' dir='ltr'>corr.</span> <span class='ocrx_word' id='word_1_241' title='bbox 528 3473 554 3523; x_wconf 87' lang='lat' dir='ltr'><em>B</em></span> <span class='ocrx_word' id='word_1_242' title='bbox 641 3476 673 3524; x_wconf 84' lang='grc'>17</span> <span class='ocrx_word' id='word_1_243' title='bbox 692 3473 768 3524; x_wconf 82' lang='lat' dir='ltr'>dicta</span> <span class='ocrx_word' id='word_1_244' title='bbox 794 3487 841 3524; x_wconf 86' lang='lat' dir='ltr'>om.</span> <span class='ocrx_word' id='word_1_245' title='bbox 863 3472 910 3524; x_wconf 74' lang='lat' dir='ltr'>GB</span> <span class='ocrx_word' id='word_1_246' title='bbox 927 3473 1001 3523; x_wconf 79' lang='lat' dir='ltr'>addit</span> <span class='ocrx_word' id='word_1_247' title='bbox 1022 3473 1048 3522; x_wconf 87' lang='lat' dir='ltr'><strong><em>P</em></strong></span> 
     </span>
    </p>
   </div>
   <div class='ocr_carea' id='block_1_9' title="bbox 75 3541 487 3593">
    <p class='ocr_par' dir='ltr' id='par_1_9' title="bbox 75 3541 487 3593">
     <span class='ocr_line' id='line_1_36' title="bbox 75 3541 487 3593; baseline 0 -3"><span class='ocrx_word' id='word_1_248' title='bbox 75 3541 109 3592; x_wconf 80' lang='lat'>25</span> <span class='ocrx_word' id='word_1_249' title='bbox 128 3541 304 3593; x_wconf 63' lang='lat' dir='ltr'>summam&amp;</span> <span class='ocrx_word' id='word_1_250' title='bbox 331 3555 436 3592; x_wconf 81' lang='lat' dir='ltr'>summa</span> <span class='ocrx_word' id='word_1_251' title='bbox 454 3541 487 3590; x_wconf 89' lang='lat' dir='ltr'>B.</span> 
     </span>
    </p>
   </div>
   <div class='ocr_carea' id='block_1_10' title="bbox 0 0 1239 3940">
    <p class='ocr_par' dir='ltr' id='par_1_10' title="bbox 0 0 1239 3940">
     <span class='ocr_line' id='line_1_37' title="bbox 0 0 1239 3940; baseline 0 0"><span class='ocrx_word' id='word_1_252' title='bbox 0 0 1239 3940; x_wconf 95' lang='lat' dir='ltr'> </span> 
     </span>
    </p>
   </div>
  </div>
 </body>
</html>
