2424 3938
450 267 699 324 Pennrurro.
1011 291 1072 339 m

82 413 241 496 sequitur,
274 412 363 477 ouius
396 413 493 478 etiam
529 435 739 496 personarum
773 413 1002 497 descriptiones
1037 419 1069 479 et
1195 455 1196 460 κ

82 500 265 586 catalogum
297 501 429 565 navium
456 501 613 566 imitatur:
645 501 720 587 Ipse
747 501 871 566 fontem
900 524 993 568 suum
1015 503 1066 568 his

81 589 229 654 versibus
251 589 387 654 indioat:

170 676 270 742 Nulla
291 681 460 762 poetarum
482 681 591 762 posuit
613 680 777 766 figmenta,
800 677 929 743 Daretis

214 765 393 831 Historiam
418 767 504 831 soliti
527 769 664 833 seribere
687 789 763 832 vera
784 771 908 832 tenens.

81 899 91 913 .
170 853 216 919 Et
237 854 396 940 Phrygius
420 855 482 919 fuit
504 857 566 920 iste
589 855 691 921 Dares
716 860 748 920 et
770 859 914 938 tempore
937 855 1014 920 belli

214 941 289 1027 Ipse
313 944 441 1027 quidem
464 944 556 1008 miles
578 944 702 1028 proelia
724 945 794 1014 visa
816 944 922 1009 refert.

82 1031 201 1094 etalio
224 1031 295 1097 loco
319 1031 357 1094 do
381 1030 499 1097 Darete
523 1035 621 1098 canit:

169 1117 266 1183 Huno
281 1141 396 1204 sequor
411 1121 563 1186 adiiciens
578 1120 739 1185 interdum
761 1121 860 1185 verba
882 1121 1024 1185 virorum

217 1206 343 1283 Quaeve
366 1208 579 1292 loquebantur
602 1209 653 1272 vel
675 1213 807 1292 potuere
829 1209 927 1293 loqui.

81 1315 115 1376 et
129 1312 240 1376 eadem
260 1335 341 1397 quae
355 1313 456 1380 Dares
481 1314 592 1378 eadem
612 1314 678 1378 fere
691 1315 817 1378 ratione
830 1317 950 1399 narrat,
974 1335 1067 1398 argu-

80 1404 227 1465 mentum
251 1423 345 1465 suum
367 1401 428 1467 hoo
451 1424 546 1468 versu
570 1403 771 1488 signifioans:

170 1505 216 1570 Et
236 1506 319 1570 liber
342 1512 391 1571 est
414 1507 541 1572 Troilus
566 1509 606 1573 ob
630 1508 745 1575 Troica
767 1508 852 1572 bella
874 1509 1016 1572 vocatus.

78 1593 194 1678 Neque
217 1616 292 1659 vero
306 1595 393 1660 huno
410 1600 538 1682 tantum
554 1598 706 1681 sequitur,
729 1596 896 1660 sedetiam
911 1595 1070 1678 Ovidium,

80 1705 120 1747 ex
143 1683 232 1747 ouius
255 1682 385 1748 Heroid.
407 1683 487 1750 XVI
500 1688 532 1749 et
554 1684 658 1769 XVII,
680 1688 717 1749 ut
738 1684 872 1770 Dunger
894 1685 915 1748 l.
938 1685 958 1748 l.
979 1706 1010 1768 p.
1025 1683 1067 1748 28

79 1771 182 1854 dooet,
205 1772 324 1836 multos
347 1793 458 1836 versus
483 1773 680 1839 adverbum
703 1773 880 1856 exscripsit,
893 1771 1070 1836 Pindarum

78 1859 287 1943 Thebanum,
323 1859 358 1924 in
390 1861 607 1927 describendis
639 1861 859 1926 Amazonibus
896 1863 928 1923 et
957 1860 1070 1944 regina

77 1947 285 2013 Penthesilea
308 1947 457 2014 Orosium
481 1950 550 2014 adv.
578 1971 650 2035 pag.
673 1949 690 2012 I
715 1949 765 2033 15,
789 1948 875 2033 quod
897 1949 968 2031 ipse
991 1969 1066 2012 oon·

78 2037 191 2101 fitetur
212 2036 264 2100 his
287 2038 407 2102 verbis:

169 2141 246 2207 Non
268 2163 358 2207 meus
381 2144 434 2208 hio
459 2166 573 2228 sermo,
587 2147 733 2210 testatur
755 2141 915 2208 Horosius
938 2143 1010 2226 ista,

215 2229 313 2297 Cuius
335 2232 457 2297 habent
479 2234 609 2316 plenam
633 2232 760 2317 singula
782 2233 881 2296 verba
902 2230 1007 2314 fidem.
1035 2274 1038 2280 -

74 2341 244 2421 praeterea
266 2337 446 2423 Vergilium
470 2343 503 2404 et
524 2338 652 2422 Diotyn.

169 2443 239 2508 Iam
262 2445 451 2510 revertimur
474 2445 515 2508 ad
533 2467 606 2510 eum
622 2466 717 2529 quem
732 2465 829 2529 supra
842 2464 1069 2508 commemora·

73 2533 185 2596 vimus
199 2532 442 2598 Beneuentum
454 2534 697 2618 ,Marcianum
727 2531 789 2598 Hio
813 2532 848 2596 in
871 2532 1069 2614 amplissima

72 2622 154 2686 aula
179 2620 313 2687 Hemioi
341 2620 383 2686 H.
411 2644 436 2686 o.
464 2644 491 2686 a.
516 2622 736 2687 1175-1185
763 2621 844 2686 vixit
877 2623 909 2684 et
941 2620 1070 2702 scripsit

71 2710 190 2775 30000
221 2731 320 2775 verss.
351 2711 399 2794 „le
431 2707 558 2775 Roman
592 2710 631 2774 (le
661 2709 788 2790 Troie“,
821 2730 908 2772 nuno
939 2708 1068 2772 demum

69 2798 458 2970 territurus,
480 2798 717 2952 eune

69 2976 208 3060 egregie
245 2979 346 3041 eleota
379 2973 487 3063 Caroli
518 2971 767 3056 Frommanni1)
805 2971 901 3036 nobis
936 2973 1067 3054 praesto

66 3067 195 3148 essent,
218 3066 383 3149 praeterea
406 3067 513 3128 autem
537 3061 697 3128 Ohronioa
719 3062 836 3126 dueum
849 3057 1065 3125 Normannio-

65 3149 191 3236 rum2).
228 3151 329 3218 Poeta
352 3153 479 3236 saepius
503 3152 536 3216 se
568 3153 675 3236 ipsum
697 3151 854 3239 nominat,
881 3153 918 3212 ut
939 3171 968 3212 v.
993 3146 1066 3210 125.

239 3239 333 3306 Ceste
356 3241 472 3306 estoire
494 3238 577 3304 n'est
598 3239 755 3324 pasusee

238 3327 320 3395 N'en
344 3331 448 3414 gaires
471 3329 540 3394 leus
564 3327 637 3394 n'en
661 3332 710 3394 est
724 3327 854 3392 ‘trove‘er

63 3471 294 3484 μ--υ-

151 3539 171 3608 1)
190 3539 222 3593 in
249 3537 373 3595 Pleifferi
401 3537 550 3596 Germania
578 3545 646 3595 1857
665 3542 691 3594 II
718 3557 745 3607 p.
773 3543 887 3606 49-81,
917 3538 1065 3600 177-209,

58 3615 228 3668 307-341.
267 3609 288 3680 ²)
307 3610 372 3679 Joly
390 3614 409 3666 l.
423 3613 442 3666 1.
461 3630 488 3681 p.
509 3615 542 3668 5⁷
562 3628 638 3680 seqq.
