2416 3944
356 217 467 269 snum
484 217 635 270 ssorum
653 217 722 268 ars.
740 219 761 268 1.
1008 217 1045 278 11

69 368 197 434 troelus
231 370 264 431 et
296 366 457 449 Phoenix,
497 367 579 431 alter
616 371 750 450 propter
786 367 1046 432 coniunctionem

69 452 253 534 amicitiae,
281 451 363 514 alter
385 456 492 516 custos
521 455 618 535 atque
645 455 751 516 rector
779 453 857 516 eius.
900 451 1048 535 Tlepole-

72 559 148 602 mus
171 536 248 600 dein
269 535 435 600 Herculis:
463 558 536 600 eum
559 537 695 601 insecuti
717 539 794 600 sunt
814 535 910 600 Phidi
934 558 994 618 pus
1014 539 1048 600 et

71 621 257 706 Antiphus,
290 621 434 705 insignes
461 641 624 685 armorum
652 621 772 704 specie,
807 642 868 685 avo
932 619 1047 702 ercule,

70 711 150 790 post
188 726 243 769 eos
274 704 471 770 Protesilaus
504 704 621 788 Iphicli
657 727 730 769 cum
764 704 907 770 Podarce
938 704 1074 768 fratres

71 790 182 856 adfuit
212 793 245 853 et
270 789 425 854 Eumelus
452 789 632 872 Pheraeus,
660 790 750 854 ouius
777 793 869 872 pater
890 789 1048 853 Admetus

71 874 241 959 quondam
262 873 382 938 vicaria
403 878 507 938 morte
529 875 625 938 coniu
652 875 676 938 ’s
698 875 766 938 fata
785 874 918 957 propria
939 877 1049 957 protu-

70 961 173 1041 lerat,
196 957 377 1022 Podalirius
400 962 433 1023 et
454 957 615 1023 Machaon
664 958 831 1042 ricoenses,
856 958 1061 1042 Aesculapio*

71 1043 191 1129 geniti,
215 1041 327 1108 adsciti
349 1042 389 1106 ad
411 1042 444 1106 id
465 1042 587 1132 bellum
609 1043 651 1107 ob
674 1043 849 1107 sollertiam
871 1041 1048 1107 medicinae

72 1127 173 1193 artis:
196 1127 271 1190 dein
292 1125 445 1191 Poeantis
466 1126 664 1210 Philocteta,
694 1127 750 1211 qui
772 1148 878 1192 comes
899 1126 1048 1190 Herculis
1063 1149 1087 1188 10

73 1215 154 1298 post
182 1211 356 1276 discessum
385 1212 452 1276 eius
481 1211 521 1276 ad
551 1211 627 1276 deos
655 1233 690 1276 sa
716 1212 788 1276 'ttas
811 1211 936 1276 divinas
958 1209 1050 1274 indu-

74 1297 178 1361 striae
200 1295 380 1379 praemium
401 1299 591 1361 consecutus
613 1299 677 1378 est,
733 1296 818 1360 ireus
863 1295 988 1377 ulcher,
1012 1315 1051 1358 ex
1081 1323 1083 1326 ·

73 1380 219 1445 Athenis
246 1378 453 1445 Menestheus
481 1384 514 1445 et
542 1381 626 1444 Aiax
655 1379 739 1444 Oilei
767 1401 806 1443 ex
832 1319 982 1461 licerius,
1012 1399 1051 1442 ex

75 1469 127 1529 Ar
154 1465 162 1478 '
195 1464 432 1548 Amphilochus
455 1468 487 1529 et
502 1463 684 1547 Sthenelus,
700 1463 890 1547 Amphiarai
914 1463 1050 1546 Amphi-

74 1486 210 1631 lochiis,
234 1548 375 1633 Capanei
406 1551 502 1632 alter,
532 1571 604 1614 cum
632 1549 683 1612 his
712 1548 873 1633 Euryalus
895 1547 1050 1630 Mecistei,
1065 1569 1089 1609 15

76 1635 156 1732 dein
179 1655 219 1698 ex
233 1633 363 1698 Aetolia
376 1633 597 1698 Thessandrus
612 1632 785 1718 Polynicis,
807 1633 963 1717 postremi
981 1653 1051 1730 om-

75 1717 1052 1900 tttlttfttffltlttfttturhtuttfftt'f

77 1910 130 1952 res
154 1887 265 1951 ah1ex
286 1908 353 1951 su1s
369 1888 503 1984 quisque
525 1887 722 1985 regionibus,
744 1887 863 1983 partim
878 1907 917 1950 ex
936 1905 1052 1982 regum

77 1971 264 2053 comitibus,
286 1971 342 2035 alii
364 1972 465 2054 ips1us
493 1972 586 2056 regni
608 1971 780 2054 participes
808 1973 945 2034 insecuti
967 1971 1052 2051 sunt,
1067 1991 1091 2030 ao

78 2077 220 2140 quorum
243 2055 377 2120 nomina
398 2055 587 2140 singillatim
610 2075 770 2138 exponere
800 2052 888 2117 haud
909 2059 1052 2117 necessa-

77 2142 166 2206 rium
182 2139 294 2202 *visum
316 2141 374 2206 est.

169 2222 242 2288 XV.
278 2223 384 2321 Igitur
405 2223 461 2287 ubi
490 2245 601 2288 omnes
623 2226 730 2308 Argos
758 2242 953 2304 convenere,
975 2219 1053 2285 Dio-

79 2309 192 2375 medes
214 2307 356 2391 hosprtio
383 2312 515 2373 cunctos
538 2307 667 2390 recipit,
696 2306 942 2390 ,necessariaque
963 2327 1054 2391 prae-

78 2397 147 2460 bet.
186 2391 261 2456 dein
276 2394 502 2476 Agamemnon
524 2392 645 2478 grande
668 2391 738 2455 auri
759 2390 886 2475 pondus
908 2389 1053 2474 Mycenis
1067 2411 1093 2450 25

79 2479 290 2562 adportatum
305 2498 363 2560 per
384 2477 409 2541 s'
459 2477 530 2542 ulos
552 2476 742 2560 dispertiens
757 2475 972 2561 promptiores
987 2475 1054 2539 ani-

80 2584 155 2628 mos
179 2562 324 2626 omnium
347 2561 387 2626 ad
400 2498 531 2645 hellam,
555 2561 640 2645 quod
654 2563 837 2644 parabatur,
859 2559 947 2624 facit.
985 2563 1054 2623 tum

82 2646 251 2713 communi
272 2646 408 2710 oonsilio
431 2668 526 2729 super
554 2646 739 2710 conditione
760 2644 876 2728 proelii
898 2644 1055 2708 iusiuran-

82 2731 163 2796 dum
184 2731 350 2814 interponi
371 2730 434 2794 hoe
455 2730 551 2795 modo
578 2730 708 2814 placuit.
754 2729 898 2812 Calchas,
921 2728 1055 2794 Thesto-

81 2818 128 2880 ris
158 2814 261 2897 filius,
294 2815 456 2898 praescius
484 2815 682 2897 futurorum,
711 2835 845 2898 porcum
872 2815 1006 2876 marem'
1020 2812 1056 2874 in
1069 2831 1094 2870 so

81 2902 194 2965 forum
221 2898 362 2963 medium
389 2898 507 2964 adferri
536 2899 640 2982 iubet,
668 2919 764 2981 quem
791 2899 827 2963 in
849 2898 926 2962 duas
948 2899 1055 2980 partes

154 3085 409 3155 Atleptolernusd²
459 3087 596 3154 teiphieli
607 3087 655 3138 ΕΒ
706 3087 829 3138 dfereus
844 3086 892 3137 ΕΒ
943 3086 1057 3149 lquan-

84 3159 149 3209 dam
171 3155 203 3208 Ει
255 3157 424 3207 8tricenses
444 3154 492 3206 ΕΒ
545 3158 576 3206 10
594 3155 765 3220 Deippoanti
784 3154 832 3204 ΕΒ
885 3155 915 3202 11
934 3151 996 3202 adis
1009 3150 1057 3201 ΕΒ

84 3226 174 3276 adeos
192 3227 218 3276 A
262 3223 299 3274 ad
323 3222 401 3282 deos,
432 3225 501 3289 quod
526 3223 619 3274 habent
646 3224 810 3286 Vindinpr‘os,
837 3221 932 3272 Tollius
954 3219 1056 3284 diique,

84 3302 125 3345 est
142 3295 170 3342 ln
187 3293 213 3342 P
265 3293 297 3343 18
316 3306 349 3341 ex
367 3289 437 3353 (oute
455 3290 546 3355 Argis)
564 3307 611 3342 om.
630 3289 684 3342 ΕΒ.
739 3291 771 3338 14
788 3292 817 3338 et
835 3285 982 3337 Sthenelus
995 3287 1056 3335 Am-

83 3360 199 3428 phiarai
220 3357 416 3424 Amphilochus
440 3374 485 3409 om.
511 3357 559 3409 ΕΒ
597 3359 674 3408 hahet
696 3358 720 3406 P
799 3355 831 3406 15
858 3354 978 3420 cappani
1010 3352 1058 3403 ΕΒ

85 3427 241 3492 eurypylue
265 3427 287 3478 0
322 3425 455 3491 euripilus
471 3425 496 3474 B
531 3426 661 3490 Euryalus
678 3427 720 3475 ed.
735 3425 820 3488 prino.
854 3420 990 3473 mnesthei
1010 3419 1057 3471 ΕΒ

85 3499 119 3546 17
137 3494 270 3546 achamas
290 3493 338 3544 ΕΒ
407 3495 440 3543 18
457 3491 543 3560 pluris
558 3492 589 3544 Ε1
659 3494 692 3542 29
710 3491 824 3541 calenas
839 3489 886 3540 ΕΒ
921 3487 1016 3538 calcas
1034 3485 1059 3532 P

84 3561 207 3614 nestoris
227 3562 274 3613 ΕΒ
310 3560 454 3612 Thestoris
473 3562 503 3625 P,
523 3562 588 3611 coni.
607 3559 751 3609 Mercemrs.
