2414 3946
189 181 232 246 20
448 198 495 245 nn
519 198 579 244 nra
602 198 734 246 uanam
758 197 833 248 cnr.
850 199 896 246 xr.

190 335 316 404 dierum,
333 336 427 396 sexies
443 337 580 407 ductum,
604 355 670 398 cum
688 336 724 398 ad
740 336 818 399 diem
835 337 1101 400 dueentensimum
1120 340 1164 401 de-

156 430 172 477 6
191 420 299 480 nimum
322 422 470 498 pervenit,
496 428 644 483 maturum
667 430 852 499 procreatur.
892 423 965 483 alter
988 431 1095 484 autern
1119 425 1164 484 ille

190 513 308 583 partus,
331 505 381 584 qui
396 506 490 566 maior
507 513 566 573 est,
589 505 692 566 maiori
711 523 836 566 numero
852 505 1040 575 continetur,
1066 516 1164 585 septe-

189 591 273 650 nario
295 589 422 658 scilieet,
450 607 508 667 quo
530 597 590 646 tota
607 591 662 646 vita
683 587 812 648 hnmana
833 587 948 658 linitur,
976 596 1058 650 utet
1075 591 1163 652 Solon
1199 611 1200 668 p

189 673 292 736 scribit
312 684 342 734 et
356 673 457 734 ludaei
476 673 506 732 in
527 671 643 732 dierum
665 672 798 734 omnium
821 672 953 732 numeris
968 683 1120 736 secuntur
1140 685 1187 736 eto

190 759 383 818 Etruscorum
406 755 475 817 libri
494 753 615 816 rituales
635 755 770 817 videntur
791 756 932 817 indicare.
964 757 1164 835 Hippocrates

191 860 308 922 quoque
338 839 445 919 aliique
475 839 582 900 medici
612 841 641 900 in
671 857 833 917 corporum
862 840 1079 904 valitudinibus
1106 863 1163 904 non

191 927 269 987 aliud
286 925 460 987 ostendunt:
484 942 552 984 nam
574 925 733 1003 septimum
755 942 902 1003 quemque
918 926 996 986 diem
1020 929 1162 988 crisimon

158 1021 173 1070 t
192 1009 359 1072 observant.
390 1009 488 1088 itaque
510 1016 543 1069 ut
563 1006 684 1070 alterius
699 1015 801 1085 partus
817 1011 902 1086 origo
923 1013 953 1068 in
970 1029 1020 1070 sex
1037 1019 1088 1072 est
1104 1012 1163 1073 dic·
1200 1023 1201 1056 ³

191 1095 261 1164 bus,
283 1098 351 1170 post
366 1111 441 1172 quos
456 1110 558 1154 semen
572 1093 602 1152 in
618 1093 791 1170 sanguinem
808 1096 947 1163 vertitur,
968 1095 1009 1154 ita
1026 1095 1120 1158 buius
1136 1098 1162 1156 in
1178 1101 1201 1155 to

192 1187 321 1259 septem;
346 1185 375 1238 et
390 1184 421 1238 ut
435 1175 477 1236 ibi
493 1178 621 1255 quinque
643 1185 671 1238 et
687 1177 806 1255 triginta
828 1177 933 1240 diebus
954 1178 1052 1240 iulans
1069 1198 1162 1242 mern·

193 1264 312 1333 bratur,
344 1264 381 1323 ita
408 1262 457 1322 bic
486 1279 540 1339 pro
567 1263 703 1338 portione
730 1261 834 1322 diebus
864 1261 926 1322 lere
954 1263 1161 1344 quadraginta.
1200 1275 1201 1302 ¹

193 1367 286 1429 quare
312 1349 340 1408 in
362 1347 485 1409 Graecia
507 1346 570 1406 dies
594 1345 705 1407 babent
731 1346 991 1424 quadragensimos
1018 1349 1162 1428 insigues.

193 1452 320 1512 namque
340 1447 507 1511 praegnans
527 1439 595 1491 ante
616 1431 693 1492 diem
709 1430 988 1510 quadragensimum
1008 1449 1072 1492 non
1096 1451 1163 1512 pro·

194 1519 235 1578 dit
254 1519 285 1576 in
300 1517 416 1584 lanum,
445 1523 474 1576 et
490 1522 556 1594 post
569 1522 687 1594 partum
709 1514 902 1594 quadraginta
917 1515 1022 1576 diebus
1044 1516 1198 1595 pleraett

194 1620 252 1680 que
273 1601 349 1662 letae
370 1601 521 1678 graviores
536 1607 605 1660 suut
620 1618 675 1661 nee
696 1601 871 1676 sanguinem
893 1599 1041 1660 interdum
1069 1607 1163 1664 conti-

194 1695 283 1753 nent,
305 1693 334 1746 et
355 1683 467 1763 parvoli
487 1685 581 1745 lerme
601 1703 655 1763 per
670 1684 725 1745 hos
747 1682 839 1764 [lere]
863 1684 991 1745 morbidi
1012 1687 1081 1748 sine
1105 1689 1164 1748 risu

194 1788 250 1832 nec
271 1772 334 1830 sine
356 1767 489 1847 periculo
510 1775 587 1831 sunt
631 1768 669 1829 ob
693 1786 781 1847 qnam
802 1786 935 1845 oausam,
964 1787 1031 1828 cum
1053 1772 1082 1832 is
1104 1772 1164 1832 dies

194 1855 362 1935 praeteriit,
385 1855 463 1916 diem
487 1854 594 1914 testum
615 1853 710 1914 solent
727 1855 854 1930 agitare,
876 1854 954 1931 quod
976 1863 1099 1932 tempus
1115 1875 1202 1946 ap

160 1939 305 2020 apellant
324 1939 614 2017 τεαερακοεταῑον.
652 1937 682 1998 hi
703 1939 792 2016 igitur
813 1938 876 1999 dies
896 1937 1095 2016 qnadraginta
1111 1919 1202 2020 perti

194 2033 307 2105 septem
328 2024 394 2086 illos
416 2022 543 2085 initiales
559 2022 742 2100 multiplicati
763 2023 834 2084 liunt
852 2022 915 2084 dies
938 2023 1057 2084 ducenti
1083 2033 1164 2085 octo

194 2113 289 2188 ginta,
312 2111 340 2170 id
357 2117 400 2172 est
415 2108 618 2170 hebdomadae
633 2107 842 2187 quadraginta:
865 2107 916 2168 sed
933 2109 1074 2186 quoniam
1098 2109 1164 2171 ulti·

194 2213 260 2256 mae
280 2193 358 2255 illius
378 2192 571 2254 hebdomadis
585 2195 683 2272 primo
699 2192 745 2252 die
770 2192 865 2252 editur
886 2199 1003 2272 partun,
1031 2212 1086 2256 sex
1102 2195 1164 2255 dies

195 2277 341 2339 decedunt
368 2285 397 2338 et
417 2278 657 2340 ducentensimus
682 2278 936 2355 septuagensimus
956 2286 1084 2355 quartus
1110 2279 1164 2340 ob-

194 2369 337 2422 servatur.
390 2365 441 2441 qni
471 2380 614 2424 numerus
643 2361 758 2422 dierum
789 2362 824 2421 ad
854 2367 1044 2439 tetragonum
1081 2362 1162 2424 illum
1202 2429 1203 2442 ἶ

161 2445 409 2508 acbaldaeorum
439 2456 629 2526 conspectum
653 2445 799 2508 subtiliter
820 2449 971 2524 congruit:
1003 2465 1074 2508 nam
1097 2467 1163 2510 cnm
1202 2443 1203 2472 ³

263 2670 286 2718 3.
306 2667 410 2716 maiore
433 2667 460 2714 V
524 2669 549 2718 4.
569 2667 629 2717 uita
647 2667 672 2716 in
695 2665 720 2714 V
737 2665 797 2717 add.
820 2681 852 2720 m,
870 2682 923 2720 rec.
995 2667 1019 2720 b.
1043 2667 1117 2719 rudet
1138 2669 1163 2717 D

194 2738 347 2799 sequuntur
368 2735 395 2782 V
444 2739 530 2786 etorn.
545 2735 569 2784 D
638 2734 662 2782 6.
679 2733 859 2798 hippocrenes
878 2737 911 2798 D,
930 2734 1118 2800 hyppocrates
1139 2736 1167 2784 V

196 2806 236 2854 10.
254 2805 296 2852 ita
315 2807 344 2852 et
366 2802 391 2849 V
458 2803 498 2851 11.
510 2802 559 2852 ubi
576 2802 603 2851 V
652 2803 824 2867 rntqennaD
894 2803 934 2851 12.
954 2816 1120 2867 poertrtone
1139 2805 1163 2852 n

196 2874 238 2922 13.
257 2868 497 2936 quabeepcnetmos
515 2870 549 2928 D,
569 2868 795 2934 quadragesimus
817 2869 844 2916 V
893 2869 1018 2936 insignes
1041 2871 1074 2934 V,
1093 2887 1164 2922 corr.

195 2943 263 2988 1an.
335 2939 375 2988 14.
399 2951 543 3004 poenaeue
561 2952 631 2984 *aaa
649 2951 720 2988 anre
746 2934 856 3000 (luteris
880 2945 1001 3003 quattuor
1023 2942 1164 3006 quinqueve
1201 2941 1203 2948 ’

195 3006 289 3070 erneis)
309 3006 350 3068 D,
374 3019 513 3070 pregnans
532 3007 597 3054 ente
620 3004 646 3053 V
712 3004 952 3070 quadragesimum
974 3006 1002 3056 V
1068 3022 1165 3073 prooe-

194 3074 236 3123 dit
263 3074 326 3124 dV
391 3074 431 3124 1⁷.
458 3071 567 3137 paruuli
598 3072 627 3121 V
690 3069 762 3138 lere]
790 3071 891 3123 infirmi
917 3075 1097 3126 herbrannus

184 3143 238 3192 .19.
256 3153 411 3206 penarense
429 3139 486 3188 DV
552 3153 719 3205 nptnanene,
737 3141 785 3197 scd
802 3142 908 3191 alterum
926 3157 959 3192 ne
978 3158 1091 3202 ernanm,
1112 3145 1135 3192 D

195 3211 236 3259 20.
257 3220 480 3260 ceseranonneau
497 3207 536 3267 D,
561 3205 811 3259 reeeenaxosre‘nn
835 3209 873 3271 V,
897 3225 965 3260 corr
985 3212 1165 3262 Laebmonnus

195 3276 233 3326 bn
250 3278 276 3325 D
346 3278 388 3325 21.
407 3244 539 3326 buosennl
558 3291 718 3342 ocaopenna
736 3245 892 3341 (octoginla
911 3275 940 3342 d)
958 3280 983 3328 D
1053 3281 1095 3333 22
1115 3279 1165 3328 ab

194 3342 328 3393 domndee
351 3343 378 3390 V
441 3345 483 3393 23
502 3343 661 3394 ebdomadis
683 3345 722 3392 V
769 3343 1127 3408 brea(b1esnnterae.)D

196 3409 237 3457 24.
257 3408 461 3461 ducentesimus
480 3412 701 3475 septuagesimus
724 3417 836 3474 quartus
861 3411 922 3476 (non
940 3415 1048 3478 pertus)
1071 3415 1095 3463 V

195 3475 236 3526 26.
255 3474 441 3527 charbeonum
460 3478 516 3526 nV
