2414 3946
323 199 371 244 na
393 197 454 244 ure
476 198 610 244 uarum
633 197 707 244 car.
724 198 797 245 xiv.
1002 183 1044 247 25

73 341 105 398 in
123 355 181 416 quo
197 339 248 415 qui
264 344 372 406 essent,
389 355 476 398 senes
491 335 662 416 appellatos,
680 338 758 417 quod
775 355 807 397 ea
824 345 919 399 aetate
935 355 1044 414 corpus

73 425 134 483 iam
149 423 232 482 senio
250 420 405 482 laboraret.
442 422 639 498 Hippocrates
654 422 785 484 medicus
800 424 830 483 in
846 430 961 501 septem
977 440 1043 500 gra·
1062 437 1078 484 3

74 507 132 567 dus
152 512 263 566 aetates
284 505 441 564 distribuit.
487 507 576 566 finem
600 508 714 584 primae
735 508 847 584 putavit
869 525 933 568 esse
954 509 1046 586 septi-

74 608 160 650 mum
176 607 303 663 annum,
321 588 468 650 secundae
484 598 623 668 quartum
640 589 796 660 decimum,
814 593 917 652 tertiae
933 591 1044 652 duode-

33 687 51 735 5
72 675 294 743 tricensimum,
321 681 445 752 quartae
461 675 663 734 tricensimum
679 675 829 753 quintum,
851 677 970 753 quintae
986 676 1044 736 duo

74 768 105 820 et
136 758 430 836 quadragensimum,
464 766 564 818 sextae
594 760 891 836 quinquagensimum
918 768 1044 829 sertum,

73 845 220 921 septimae
235 843 426 926 novissimum
442 859 553 902 annum
568 844 643 903 vitae
659 842 815 904 humanae.
840 842 929 904 Solon
946 852 1044 904 autem
1063 858 1081 906 4

74 928 181 990 decem
198 934 297 1004 partes
314 925 395 1001 iecit,
414 935 443 986 et
457 927 644 1004 Hippocratis
660 927 783 1005 gradum
800 930 964 988 tertiumet
979 946 1045 988 sex-

72 1020 141 1072 tum
162 1019 192 1072 et
213 1013 373 1088 septimum
390 1010 521 1087 singulos
543 1009 679 1071 biiariem
695 1012 805 1079 divisit,
833 1020 866 1072 ut
881 1029 938 1073 una
955 1030 1044 1092 quae-

17 1109 54 1157 10
76 1115 138 1175 que
158 1106 238 1157 aetas
259 1113 353 1155 annos
369 1094 494 1156 haberet
510 1101 657 1174 septenos.
695 1096 812 1156 Staseas
833 1099 1046 1174 peripateticus
1063 1109 1080 1158 5

75 1181 115 1242 ad
138 1181 191 1240 bas
206 1179 323 1240 Solonis
345 1180 448 1240 decem
471 1179 672 1240 hebdomadas
694 1181 804 1240 addidit
820 1181 906 1249 duas,
934 1190 963 1242 et
979 1199 1045 1264 spa-

73 1267 153 1327 tium
178 1262 284 1341 plenae
309 1265 385 1324 vitae
413 1271 552 1341 quattuor
579 1272 608 1324 et
634 1267 782 1342 octoginta
809 1283 954 1325 annorum
981 1282 1045 1325 esse

74 1350 164 1418 dixit;
181 1367 271 1429 quem
286 1350 448 1408 terminum
465 1349 489 1407 si
505 1350 571 1428 quis
587 1351 738 1426 praeterit,
756 1350 854 1409 iacere
869 1349 948 1408 idem
965 1349 1045 1427 quod

71 1433 295 1494 stadiodromoe
311 1451 345 1492 ac
360 1432 520 1510 quadrigae
536 1434 661 1502 iaciunt,
685 1451 753 1493 cum
775 1441 857 1493 extra
872 1433 961 1493 iinem
976 1450 1045 1510 pro·

15 1533 50 1583 15
74 1526 212 1580 currunt.
243 1517 377 1578 Etruscis
392 1535 511 1596 quoque
526 1515 609 1578 libris
626 1517 761 1578 fatalibus
777 1525 902 1578 aetatem
917 1517 1045 1576 hominis
1063 1529 1082 1577 e

72 1603 234 1664 duodecim
271 1601 507 1662 bebdomadibus
543 1601 664 1662 discribi
694 1602 787 1662 Varro
824 1609 1045 1662 commemorat.

72 1705 154 1768 quae
169 1687 275 1749 duos*
290 1688 327 1748 ad
343 1687 442 1748 decies
458 1683 597 1765 septenos
612 1703 706 1747 annos
721 1705 809 1766 posse
826 1685 922 1746 iataiie
940 1687 1046 1763 depre-

71 1771 174 1834 cando
196 1771 287 1832 rebus
308 1771 413 1831 divinis
435 1772 585 1849 proferre,
617 1770 654 1830 ab
675 1788 753 1832 anno
776 1779 875 1832 autem
897 1784 969 1829 nxx
991 1789 1045 1830 nec

70 1856 221 1938 postulari
244 1855 354 1918 debere
377 1874 433 1917 nec
455 1873 543 1933 posse
564 1854 600 1916 ab
623 1856 686 1916 deis
707 1857 867 1934 impetrari.
913 1863 1046 1915 ceterum

14 1957 51 2006 20
73 1949 146 2021 post
166 1957 260 2001 annos
281 1954 434 2000 uxxxnn
458 1949 588 2000 amente
604 1959 655 2000 sua
671 1940 806 2000 homines
822 1939 919 2006 abire,
950 1956 1047 2017 nequo

73 2028 125 2087 his
147 2026 212 2086 beri
234 2025 379 2102 prodigia.
418 2025 470 2086 sed
492 2043 528 2084 ex
545 2027 586 2085 eis
602 2024 740 2084 omnibus
760 2025 893 2102 proxime
909 2023 1081 2083 videntur?

72 2110 243 2170 adcessisse
270 2119 405 2170 naturam
436 2111 486 2187 qui
512 2108 747 2169 bebdomadibus
772 2108 930 2168 humanam
957 2108 1046 2166 vitam

72 2196 192 2256 emensi
214 2201 291 2256 suni.
329 2195 393 2255 iere
413 2195 491 2254 enim
514 2201 581 2271 post
600 2195 763 2271 septimum
775 2210 922 2271 quemque
937 2209 1046 2252 annum

72 2278 218 2340 articulos
238 2278 380 2358 quosdam
403 2286 432 2340 et
454 2279 482 2338 in
499 2279 545 2338 bis
565 2277 673 2355 aliquid
694 2279 762 2338 novi
782 2287 887 2338 natura
909 2277 1046 2347 ostendit,

16 2375 52 2426 25
73 2371 111 2424 ut
136 2371 167 2424 et
193 2365 223 2424 in
248 2363 340 2442 elegia
363 2362 479 2424 Solonis
505 2380 687 2440 cognoscere
712 2362 807 2424 datur.
852 2363 892 2422 ait
918 2362 1047 2422 enimin

73 2450 175 2529 prima
196 2446 382 2509 hebdomade
403 2447 506 2508 dentes
527 2447 639 2507 homini
661 2447 781 2516 cadere,
803 2447 832 2506 in
848 2446 976 2508 secunde
992 2463 1048 2524 pu·

72 2625 282 2635 ,.--.----.

147 2735 172 2782 2.
188 2741 250 2797 post
261 2731 402 2784 laboraret
419 2735 445 2782 in
457 2734 482 2783 D
495 2735 556 2784 odd.
574 2733 638 2784 hino
658 2731 691 2783 ab
708 2732 891 2798 phosphoaon
909 2747 979 2796 qnae
999 2745 1049 2780 eeu

72 2815 195 2852 uenenis
220 2816 325 2852 suenda
348 2815 419 2851 reae
438 2799 614 2851 concumbem
637 2801 689 2851 hoe
709 2815 758 2850 eor
777 2798 858 2850 octub
875 2801 1048 2849 hemeroutou

73 2869 258 2933 (semitonion
270 2867 314 2934 d):
331 2871 388 2918 vide
397 2884 425 2933 p.
439 2871 485 2933 23,
496 2872 528 2918 16
579 2869 760 2934 htppocnarts
773 2869 806 2929 D,
824 2867 1008 2932 hyppocreies
1024 2865 1051 2914 V

71 2941 100 2989 3.
121 2937 220 2986 aetatu
242 2934 270 2985 V
325 2937 351 2985 4.
369 2934 630 2986 bnoberntcesunum
642 2935 700 2985 DV
755 2937 780 2986 5.
799 2935 966 2984 tricesimum
990 2933 1018 2982 V

71 3007 101 3055 6.
127 3003 342 3068 quadragesimi]
368 3004 394 3053 V
466 3004 722 3068 quinquagesimum
748 3003 775 3052 V
845 3003 870 3052 8.
894 3002 1048 3066 hyppocre-

71 3075 115 3122 tie
135 3071 166 3121 V
215 3071 483 3122 incommodares
532 3075 572 3124 13.
590 3071 706 3135 preterit
727 3071 755 3119 V
809 3070 849 3123 15.
868 3083 1005 3118 ernuusuo
1023 3068 1048 3117 D

74 3143 119 3191 16.
139 3137 332 3190 eebomabteus
350 3139 406 3189 DV
471 3137 596 3190 baecamt
617 3141 643 3188 D
713 3139 753 3188 17.
779 3152 832 3201 que
851 3137 913 3187 dnm
932 3135 968 3185 od
991 3136 1015 3185 V

74 3206 276 3272 depraecando
299 3207 335 3271 V,
358 3221 427 3258 eom
450 3223 480 3258 m.
500 3209 517 3256 2
586 3209 627 3256 21.
650 3217 795 3270 proximae
813 3206 839 3254 D
907 3206 948 3254 22.
968 3201 1048 3253 eebo-

74 3273 205 3324 mabtnus
224 3273 281 3324 DV
346 3276 388 3325 25.
408 3273 554 3340 etinlegie
570 3274 597 3324 V
647 3274 750 3323 atenim
767 3273 792 3323 V
841 3271 1049 3336 inprimaheb·

75 3341 197 3396 &mede
216 3348 264 3394 cet.
282 3343 309 3391 io
326 3342 384 3391 DV
396 3357 478 3406 supra
494 3343 655 3392 inueniuntur
678 3336 751 3403 (cide
769 3342 805 3390 od
823 3357 851 3404 p.
871 3343 912 3401 12,
932 3339 978 3402 6),·
1001 3339 1049 3389 boc

74 3416 164 3461 aedem
180 3415 237 3461 loco
255 3413 371 3474 leguntur
384 3415 537 3474 temporum
556 3410 580 3458 si
593 3413 716 3460 veterum
729 3414 777 3457 eet.
795 3404 864 3473 (uide
876 3423 935 3472 cop.
950 3411 989 3470 17,
1004 3405 1047 3472 10)

74 3480 122 3528 26.
142 3475 308 3529 eabomaboe
326 3478 366 3543 D,
385 3476 536 3528 ebdomade
559 3477 585 3527 V
