2460 3940
164 147 185 212 8
422 159 472 206 nn
493 157 556 206 nuc
577 157 710 206 serem
732 157 807 206 cnr.
823 157 869 206 1v.

164 299 220 360 hus
236 295 382 360 simillima
398 297 551 367 enimeiie,
566 298 596 358 in
612 297 658 359 his
673 296 809 360 homines
825 299 1027 366 concrevisse,
1046 301 1144 361 tetus-

165 401 223 461 quc
243 382 279 444 ad
295 381 483 462 pubertatem
503 383 581 443 intus
596 390 729 443 retentos
744 389 815 443 tunc
830 382 949 444 demum
965 385 1068 462 ruptis
1085 384 1146 447 iilis

165 470 243 530 viros
265 466 464 546 mulieresque
487 468 538 547 qui
565 468 622 527 iem
644 483 676 528 se
697 466 778 528 alere
798 476 920 546 possent
940 471 1143 544 processisse.

166 552 360 632 Empedocles
382 559 480 613 eutem
502 553 623 629 egregio
643 569 698 612 suo
719 554 864 624 cermine,
887 553 967 630 quod
988 554 1144 616 eiusmodi

107 659 110 665 ·
167 656 232 700 esse
258 637 409 716 praedicet
433 636 602 707 Lucretius,
633 639 752 697 utrix
778 637 932 698 humane
958 637 1177 700 rideaturs

132 734 148 784 8
167 724 288 801 stirpe
310 729 473 790 creetur,
495 719 553 782 tele
574 720 711 800 quiddam
734 721 897 783 confirmet.
927 723 1026 799 primo
1040 741 1143 784 mem-

166 807 221 868 hra
237 806 352 885 singule
368 824 402 866 ex
420 813 498 867 terre
514 807 599 885 quasi
614 815 775 884 praegnete
789 808 900 885 possim
917 806 1010 877 edite,
1028 807 1144 868 deinde
1190 837 1194 846 ·

168 893 262 952 coisse
285 899 313 952 et
335 891 468 952 effecisse
491 889 577 951 solidi
597 890 726 952 hominis
748 892 903 951 materiam
923 892 984 968 igni
999 891 1093 952 simul
1114 901 1143 953 et

167 977 266 1036 umori
280 976 467 1054 permixtam.
495 981 593 1036 cetera
609 975 679 1053 quid
694 991 819 1036 necesse
836 983 880 1036 est
894 977 1043 1054 persequi,
1062 994 1143 1055 qnee

166 1077 227 1121 non
249 1060 367 1138 capient
387 1056 608 1120 similitudinem
629 1059 778 1120 veritetis‘t
811 1061 886 1120 heec
910 1059 1012 1120 eedem
1035 1063 1143 1140 opinio
1161 1071 1189 1120 10

168 1145 255 1205 etiem
276 1145 308 1204 in
322 1142 498 1204 Parmenide
512 1142 624 1204 Veliate
645 1144 701 1204 tuit
715 1143 849 1222 pauculis
867 1145 998 1222 exceptis
1014 1145 1052 1206 eh
1070 1146 1142 1206 Em-

134 1227 291 1307 epedocle
325 1228 474 1292 dissensis.
520 1227 688 1289 Democrito
714 1245 785 1290 raro
810 1228 967 1290 Abderitae
999 1247 1036 1290 ex
1064 1247 1143 1310 aque

167 1314 297 1393 timeque
323 1314 452 1392 primum
478 1313 573 1373 visum
598 1331 663 1374 esse
689 1313 825 1375 homines
851 1319 1034 1393 procreatos.
1084 1332 1143 1375 nec

167 1397 256 1477 longe
288 1416 374 1460 secus
406 1395 568 1476 Epicurus:
606 1399 630 1458 is
659 1400 737 1458 enim
764 1397 891 1459 credidit
916 1397 986 1458 limo
1013 1397 1144 1460 calfacto

170 1491 270 1544 uteros
291 1484 392 1543 neseio
414 1498 489 1559 quos
510 1480 663 1544 radicibus
678 1489 786 1543 terree⁴
798 1483 992 1544 cohaerentes
1007 1483 1143 1562 primum
1163 1494 1188 1542 15

168 1567 331 1627 increvisse
347 1573 376 1626 et
390 1564 551 1626 insentibus
568 1584 604 1627 ex
619 1584 651 1627 se
675 1567 760 1628 editis
775 1568 939 1645 ingenitum
954 1567 1039 1628 iactis
1054 1585 1143 1628 umo-

170 1668 235 1714 rem
256 1657 363 1710 neture
383 1649 568 1712 ministrante
590 1651 777 1729 praebuisse,
803 1654 931 1732 quesite
953 1653 1099 1713 educatos
1116 1662 1146 1713 et

122 1753 154 1802 10
173 1732 290 1796 adultos
305 1751 399 1813 genus
415 1733 568 1795 hominum
591 1753 782 1815 propagasse.
812 1735 913 1797 Zenon
929 1736 1054 1808 Citieus,
1070 1739 1144 1797 stoi-

169 1837 221 1881 cae
243 1826 342 1882 sectee
362 1818 514 1889 conditer,
540 1821 720 1898 principium
742 1821 872 1882 humano
887 1823 991 1900 generi
1011 1840 1049 1882 ex
1064 1839 1145 1882 noro

170 1904 280 1966 mundo
302 1904 493 1966 constitutum
513 1906 640 1980 putarit,
668 1906 840 1984 primosque
860 1905 998 1966 homines
1017 1923 1056 1967 ex
1077 1906 1144 1968 soto
1161 1917 1190 1966 20

170 1988 351 2051 adminiculo
373 1989 463 2049 divini
483 1987 574 2066 ignis,
603 1989 633 2048 id
655 1995 699 2050 est
720 1989 767 2050 dei
787 1990 987 2068 providentie,
1015 1991 1144 2069 genitos.

118 2083 149 2131 11
170 2075 297 2153 denique
312 2076 398 2135 etiam
416 2071 502 2151 vulgo
519 2073 663 2136 creditum
680 2081 739 2144 est,
760 2082 793 2135 ut
807 2073 943 2154 plerique
959 2074 1145 2155 genealogoe

170 2167 306 2221 auctores
328 2167 411 2229 sunt,
440 2157 626 2238 quarundam
647 2159 795 2237 gentium,
823 2177 898 2239 quae
920 2179 956 2221 ex
976 2159 1145 2222 adventicia

169 2244 262 2322 stirpe
277 2259 339 2303 non
355 2244 426 2313 sint,
452 2243 603 2322 principes
618 2243 783 2322 terrigenas
799 2261 879 2315 esse,
902 2251 934 2306 ut
953 2245 984 2304 in
1000 2245 1099 2306 Attice
1117 2253 1145 2306 et

169 2326 295 2388 Arcadia
322 2325 547 2407 Thessaliaque,
579 2346 689 2406 eosque
720 2328 936 2390 autochthones
961 2332 1141 2390 vocitarunt.
1160 2338 1188 2388 25

170 2413 200 2471 in
221 2409 303 2496 italie
332 2409 441 2491 [poete
462 2409 590 2492 cecinit]
611 2411 762 2492 Nymphas
788 2413 1003 2492 indigenasque
1022 2413 1144 2475 Faunos

170 2513 293 2556 nemora
310 2496 455 2574 quaedem
471 2497 602 2558 tenuisse
624 2514 685 2558 non
707 2495 825 2560 difficile
846 2499 928 2559 rudis
950 2498 1144 2578 antiquorum

239 2714 487 2780 LiuetusquedV
545 2716 812 2780 2.puuenranemD
881 2719 904 2768 3.
917 2731 981 2768 uteo
993 2717 1028 2777 D,
1041 2719 1146 2768 corrnd

169 2785 194 2836 5.
216 2783 319 2840 lueret,
338 2783 357 2834 I
374 2785 429 2834 733
499 2785 523 2833 i.
541 2796 687 2848 pesquera
704 2785 737 2848 D,
756 2787 910 2850 pregnante
933 2786 961 2835 V
1027 2786 1069 2837 11.
1090 2785 1144 2836 Ve-

169 2902 238 2953 liate
261 2903 422 2970 Rutgereies,
452 2849 659 2962 uentrdffdze‘dljh
691 2901 737 2954 uel
759 2903 789 2952 in
812 2906 898 2953 sterte
921 2904 956 2961 V,
987 2901 1145 2954 Veliensis*

169 2971 267 3021 Iatour
336 2968 494 3036 eupehocne
511 2974 570 3024 DV
635 2973 676 3022 12.
694 2971 859 3021 dissensisse
877 2972 930 3021 dV
997 2971 1039 3019 14.
1061 2973 1145 3036 nouqz'

170 3036 345 3101 (iteras.)D
399 3038 540 3090 calefacto
558 3041 607 3091 dV
673 3039 713 3090 16.
725 3050 861 3104 tnqemum
874 3039 933 3088 DV
979 3039 1148 3089 umoeeDV

170 3109 210 3160 18.
234 3105 341 3156 Citieus
363 3104 474 3168 tatem,
497 3121 551 3158 nter
569 3121 627 3158 etus
645 3107 684 3167 D,
702 3106 843 3157 ticieteius
861 3108 887 3170 d,
905 3105 1035 3156 tieteines
1055 3105 1144 3166 (eraso

169 3173 193 3238 s)
217 3175 242 3224 V
247 3193 254 3237 ς
278 3173 437 3226 scribendum
453 3175 556 3226 videtur·
572 3175 692 3228 Citieius
761 3177 802 3225 19.
825 3187 935 3224 uonouo
952 3173 989 3222 D·
1047 3175 1090 3226 20.
1111 3189 1145 3223 ex

169 3242 228 3292 soio
247 3242 305 3304 uV,
326 3256 413 3293 exoro
430 3243 455 3291 D
524 3245 565 3297 21.
585 3239 643 3308 dei]
662 3241 693 3290 di
714 3241 740 3291 V
806 3243 852 3298 tt,
867 3240 1038 3308 genealogoe
1056 3241 1144 3292 Lach-

168 3323 283 3372 mannuo,
295 3323 483 3375 qeueenoqree
496 3311 551 3360 DV
619 3311 661 3359 24.
674 3309 823 3374 terriginae
840 3309 866 3359 V
932 3311 973 3360 st.
986 3309 1144 3360 surocrho-

169 3387 222 3422 uas
234 3376 274 3436 D,
294 3376 394 3426 euthoc
406 3380 487 3428 tonas
504 3378 530 3427 V
594 3378 756 3428 recitarunt
767 3377 951 3435 Lachmaemee,
964 3389 1143 3427 uocarent-ur

168 3440 225 3488 DV
291 3441 332 3490 26.
351 3443 482 3506 srmphee
499 3445 527 3493 D
