2460 3940
383 177 495 229 sunm
512 178 666 230 rnormu
682 180 752 236 nm.
771 181 818 235 rv.
1040 181 1082 248 85

115 346 278 390 summum
306 326 380 391 fidei
408 327 714 412 benevolentiaeque
743 351 820 415 erga
841 331 1009 396 Graeciam
1035 337 1081 398 te

116 410 308 482 stimonium
334 411 421 508 capit
452 412 653 496 maximeque
681 413 875 500 aNestore,
906 417 994 501 quod
1014 416 1081 482 Me-

115 495 248 560 nelaum
275 495 401 562 insidiis
419 495 633 563 Troianorum
661 500 840 582 appetitum
865 502 1000 566 consilio
1022 525 1081 568 suo

115 583 214 664 atque
247 581 367 646 auxilio
394 581 536 646 filiorum
568 584 757 648 servaverit:
791 607 851 668 pro
881 586 952 669 quis
984 586 1082 654 Troia

114 685 228 730 eversa
248 665 350 730 multa
371 666 535 750 praeclara
555 667 701 750 polliceri
729 668 916 754 hortarique
948 672 997 736 uti
1013 671 1106 758 dig-s

112 771 194 814 num
221 751 378 816 memoria
404 773 464 834 pro
491 752 602 817 amieis
630 753 798 818 adversum
824 721 962 838 perfidos
989 755 1081 821 moli-

108 831 213 900 retur.
257 839 336 900 tunc
356 835 488 921 longam
511 859 642 902 exorsus
664 839 843 904 orationem
865 860 1000 930 semper,
1023 843 1079 924 ait,

111 919 278 1004 principes
305 919 420 985 Troiae
447 943 585 1004 poenam
613 923 655 987 ob
681 924 765 988 mele
792 925 940 990 consulta
966 924 1080 990 divini-

111 1008 167 1070 tus
190 1005 352 1088 consequi.
391 1005 466 1070 dein
486 1007 654 1092 subiungit
668 1007 896 1074 Laomedontis
911 1010 1080 1075 adversum

111 1089 289 1154 Herculem
310 1090 434 1156 famosa
455 1092 596 1174 periuria
621 1093 863 1178 insecutamque
891 1095 959 1159 eius
985 1096 1079 1181 regni
1092 1113 1117 1153 10

112 1174 330 1240 eversionem:
359 1197 423 1259 qua
449 1179 638 1260 tempestate
665 1177 813 1244 Priamus
846 1179 999 1263 parvulus
1027 1180 1080 1243 ad-

112 1258 247 1324 modum
280 1262 376 1343 atque
409 1282 520 1344 expers
556 1263 715 1346 omnium,
749 1285 831 1347 quae
859 1267 950 1348 gesta
978 1269 1079 1348 erant,

111 1344 219 1428 petitu
235 1342 398 1410 Hesionae
412 1367 514 1431 regno
536 1348 705 1430 impositus
726 1352 784 1413 est.
823 1370 896 1413 eum
910 1348 994 1413 male
1015 1349 1080 1412 iarn

111 1427 190 1492 inde
218 1427 429 1513 desipientem
451 1434 582 1496 cunctor
605 1432 762 1517 sanguine
785 1436 818 1498 et
842 1433 969 1498 iniuriis
996 1433 1079 1498 inse

113 1514 196 1578 atari
229 1514 375 1598 solitum,
413 1537 546 1599 parcum
578 1517 614 1581 in
646 1539 704 1581 suo
740 1521 836 1602 atque
873 1522 1078 1604 appetentem
1092 1535 1117 1576 1⁵

112 1597 228 1682 alieni,
256 1620 321 1682 quo
344 1601 491 1683 exemplo
518 1601 620 1665 veluti
640 1602 779 1684 pessima
806 1604 1000 1688 contagione
1022 1603 1079 1666 im-

113 1684 211 1747 butos
237 1683 322 1748 filios
350 1684 418 1748 eius
441 1706 551 1768 neque
580 1707 670 1750 sacro
692 1708 797 1770 neque
822 1687 960 1770 profano
983 1687 1079 1752 absti-

111 1767 232 1832 nuisse.
290 1771 431 1832 ceterum
464 1791 496 1833 se
530 1770 640 1835 eadem
671 1771 786 1856 stirpe,
819 1793 883 1855 qua
915 1771 1079 1836 Priamum

113 1852 246 1917 Graecis
269 1853 491 1936 coniunctum,
518 1855 626 1920 animo
649 1877 774 1939 semper
802 1857 841 1920 ab
865 1878 902 1920 eo
926 1856 1078 1920 discerni:

112 1937 293 2002 Hesionam
321 1937 440 2087 quippe
467 1937 573 2004 Danai
601 1940 702 2004 filiam
728 1939 890 2004 Electram
919 1941 1077 2038 genuisse,
1091 1959 1117 2000 ro

114 2044 155 2170 ep
183 2044 247 2171 qap-fla
263 2026 375 2171 ‘offim
399 2108 405 2120 ι
429 2022 849 2172 ardapppmthatplippnae
871 2023 987 2171 {lh-”¹⁶¹
1009 2047 1080 2172 rup-

112 2129 185 2254 lldss
212 2128 1080 2291 GildymelldlsmdtetilelrllrdstidlserrrllleonidsltrdxAso-

113 2280 389 2426 tdtmttt
404 2297 444 2426 ῗὶ
465 2277 977 2428 {tilitldilliirillla
995 2278 1079 2428 tt?
1092 2382 1118 2422 a

109 2445 265 2511 'medonte
297 2445 508 2512 Hicetaonem
543 2447 684 2531 Clytium
710 2384 868 2533 Ldmpum
899 2413 1081 2512 'Timoetem

113 2529 328 2595 Bucolionem
361 2535 457 2616 atque
484 2531 649 2596 Priamum
683 2533 811 2618 genitos
839 2553 1012 2616 rursusque
1039 2553 1080 2629 ex

114 2614 314 2680 Cleomestra
340 2620 373 2680 et
400 2620 532 2698 Aesyete
561 2639 594 2681 se
621 2619 777 2703 genitum.
828 2622 969 2683 ueterum
991 2616 1102 2708 Pna-

113 2721 202 2763 mum
226 2703 343 2764 cuneta
364 2700 435 2764 iura
457 2699 631 2766 adfinitatis
651 2703 892 2786 proculcantem
918 2702 1021 2787 magis
1044 2701 1080 2764 in

112 2805 190 2849 suos
212 2785 396 2882 superbiam
417 2789 513 2884 atque
542 2787 651 2850 odium
677 2789 881 2885 exacuisse..
907 2790 1080 2882 postquam
1093 2805 1118 2844 eo

111 2869 212 2934 finem
233 2869 388 2952 loquendr
409 2869 501 2954 fecrt‚
523 2871 675 2955 postulat,
698 2875 755 2955 uti,
783 2892 935 2955 quomam
957 2892 977 2934 a
999 2890 1080 2933 senr-

110 2954 173 3018 bus
196 2954 322 3040 legatus
336 2955 424 3040 pacis
438 2956 554 3020 missus
570 2961 662 3040 esset,
678 2956 791 3020 darent
806 2955 844 3019 de
861 2977 919 3020 suo
934 2975 1079 3038 numero,

181 3128 260 3178 deu.
279 3143 305 3192 p.
326 3141 352 3191 q.
370 3127 415 3176 Tr:
435 3127 482 3178 GB
517 3144 543 3193 p.
563 3143 588 3193 q.
608 3128 653 3178 Tr.
675 3144 716 3178 eu.
735 3128 789 3177 PV
856 3129 1019 3193 leprarum
1036 3127 1080 3174 in·

114 3197 225 3244 suetum
242 3195 309 3252 libri,
328 3209 397 3245 corr.
416 3195 446 3245 V.
459 3197 654 3248 Hildetrundur
666 3213 716 3247 uon
727 3200 791 3246 male
804 3195 885 3260 praui
897 3210 949 3244 nec
966 3195 1008 3244 uel
1024 3208 1081 3244 non

113 3261 257 3311 insuetum
326 3263 357 3312 21
377 3277 430 3328 quo
450 3262 497 3312 GB
512 3261 517 3328 Ι
533 3265 580 3328 qui
597 3265 687 3314 addidi
701 3261 706 3329 Ι
722 3265 825 3314 obsone
846 3261 892 3313 GB
910 3263 945 3326 cs.
964 3277 990 3327 p.
1009 3261 1081 3324 55‚8

114 3326 204 3392 linei
228 3329 275 3379 GB
295 3327 300 3395 Ι
319 3330 428 3379 iunctos
453 3330 500 3380 ΕΒ
539 3332 651 3381 iunctus
678 3332 704 3381 V
787 3333 820 3380 22
847 3330 1037 3380 erecthcnium
1060 3328 1083 3378 G

113 3396 210 3446 eriath.
234 3397 260 3446 B
279 3395 284 3461 Ι
306 3396 332 3448 ei
354 3397 462 3448 dederit
486 3397 533 3448 GB
570 3399 687 3450 ediderit
713 3398 852 3450 Obrechtus
937 3399 970 3448 23
996 3411 1083 3460 gany-

112 3461 203 3513 medis
222 3464 245 3514 G
322 3467 356 3516 25
374 3465 470 3516 Laom.
488 3481 550 3530 gen.
572 3483 605 3516 ex
622 3483 669 3516 om·
689 3467 710 3517 θ
745 3481 808 3531 gen.
827 3481 861 3516 ex
879 3466 973 3515 Leom.
992 3479 1038 3513 om.
1056 3461 1082 3508 B

113 3533 190 3582 addit
207 3533 263 3584 PV
329 3534 363 3586 28
387 3538 464 3584 scete
485 3533 540 3595 GB,
559 3533 679 3598 Aesyete
697 3536 809 3584 restituit
826 3533 970 3584 Mercerus.
