2414 3946
326 157 374 204 nu
396 157 457 204 nm
480 156 613 206 nurum
636 157 711 206 oar.
728 159 786 206 xx.
995 143 1038 208 43

68 297 143 374 giuti
158 296 249 358 trium
266 296 382 357 dierum
403 296 524 358 alternis
540 299 624 359 annis
644 297 711 358 addi
726 297 900 377 placuisset,
921 303 954 358 ut
969 298 1037 359 civi-

67 379 104 440 lis
118 398 214 441 annos
226 379 263 441 ad
277 379 440 442 naturalem
455 389 681 462 exaequaretur,
698 384 726 442 in
739 401 840 444 mense
852 383 1037 461 potissimum

66 464 233 526 Februario
253 467 330 527 inter
346 466 510 528 terminalia
527 475 556 528 et
571 467 746 546 regifugium
763 467 966 529 intercalatum
983 477 1035 538 est,

67 550 158 629 idque
173 551 224 612 diu
238 550 348 610 iactum
364 552 448 630 prius
463 569 551 630 quam
572 553 734 614 sentiretur
756 570 849 614 annos
865 553 964 614 civiles
985 552 1036 612 ali-

31 645 48 694 5
68 640 179 712 quanto
195 633 378 696 naturalibus
399 653 463 698 esse
479 638 616 698 maiores.
647 637 726 716 quod
742 636 880 698 delictum
896 644 929 699 ut
943 639 1036 698 corri-

67 725 204 798 geretur,
230 719 419 798 pontificibus
440 720 538 782 datum
556 724 707 800 negotium
729 740 892 802 eorumque
914 721 1036 782 arbitrio

65 802 260 865 intercalandi
274 805 350 866 ratio
365 806 519 883 permissa.
543 806 594 867 sed
611 806 717 867 horum
733 805 867 886 plerique
883 805 921 869 ob
938 807 1037 868 odium
1056 819 1070 867 7

66 886 112 949 rel
134 890 275 968 gratiam,
306 906 364 966 quo
386 891 453 968 quis
473 891 646 969 magistratu
667 892 753 952 citius
774 891 870 953 abiret
891 891 1037 953 diutiusve

66 971 244 1052 iungeretur
265 980 315 1034 aut
330 973 441 1051 publici
460 975 612 1036 redemtor
634 993 669 1036 ex
692 977 762 1036 anni
782 976 985 1056 magnitudine
1007 978 1036 1036 in

14 1067 47 1118 10
66 1056 151 1119 lucro
165 1058 309 1120 damnove
324 1067 416 1129 esset,
429 1059 496 1138 plus
510 1061 642 1122 minusve
656 1079 691 1121 ex
699 1059 821 1122 libidine
834 1059 1035 1123 intercalando

64 1143 212 1203 rem'sibi
232 1143 267 1204 ad
286 1143 493 1221 corrigendum
510 1145 677 1206 mandatam
699 1143 777 1207 ultro
799 1144 877 1225 qnod
893 1146 1035 1224 deprava·

64 1234 151 1298 runt,
176 1227 250 1288 adeo
272 1227 441 1289 aberratum
458 1236 503 1290 est
517 1238 551 1290 ut
566 1229 600 1291 G.
618 1230 724 1291 Caesar
742 1229 875 1308 pontifex
892 1231 1036 1291 maximus
1053 1241 1069 1291 8

63 1330 120 1374 suo
136 1327 179 1374 111
194 1320 224 1374 et
238 1312 275 1372 M.
292 1312 408 1374 Aemilii
422 1313 525 1391 Lepidi
543 1313 706 1383 consulatu,
723 1332 781 1393 quo
797 1322 879 1375 retro
896 1313 1035 1375 delictum

64 1398 245 1475 corrigeret,
277 1396 351 1459 duos
378 1415 496 1458 menses
515 1397 719 1459 intercalarios
741 1398 857 1459 dierum
879 1413 978 1460 van
1003 1401 1035 1458 in

12 1492 45 1542 15
65 1498 200 1542 mensem
221 1481 418 1543 Nouembrem
446 1489 475 1542 et
495 1481 689 1544 Decembrem
717 1483 936 1561 interponeret,
967 1501 1035 1544 oum

63 1567 123 1627 iam
140 1584 244 1626 mense
259 1565 421 1628 Februario
438 1567 500 1627 dies
516 1581 557 1627 111
574 1573 603 1626 et
617 1581 666 1628 xx
681 1566 891 1637 intercalasset,
908 1567 1035 1628 laceret·

64 1669 123 1730 que
145 1669 212 1711 eum
239 1668 348 1712 annum
369 1651 484 1712 dierum
506 1663 678 1721 ccccxnv,
709 1652 798 1713 simul
818 1653 978 1730 providens
1004 1654 1034 1712 in

63 1735 258 1796 futurumne
284 1737 391 1796 iterum
418 1743 584 1797 erraretur:
622 1754 690 1796 nam
718 1736 906 1798 intercalario
932 1755 1035 1798 mense

63 1817 183 1880 sublato
204 1837 314 1880 annum
338 1819 449 1881 civilem
472 1821 507 1881 ad
525 1819 595 1884 solis
616 1839 736 1881 cursum
758 1821 902 1882 formavit.
933 1823 1033 1901 itaque
1052 1834 1068 1881 9

12 1915 45 1964 20
64 1903 171 1965 diebus
192 1915 303 1964 occuv
324 1905 435 1966 addidit
457 1905 574 1975 decem,
603 1893 677 1984 quos
696 1923 750 1984 per
772 1912 884 1984 septem
905 1923 1033 1975 menses,

64 1990 117 2066 qui
132 1988 194 2049 dies
209 1989 419 2050 undetricenos
433 1988 598 2060 habebant,
615 1991 653 2050 ita
671 1988 860 2060 discriberet,
882 1998 914 2050 ut
929 1989 1033 2050 lanua-

63 2075 111 2134 rio
127 2080 157 2134 et
172 2073 275 2135 Sextili
291 2081 321 2134 et
334 2073 490 2136 liecembri
506 2074 568 2135 bini
583 2074 768 2145 accederent,
787 2075 892 2135 ceteris
907 2073 1031 2152 singuli;

63 2177 175 2238 eosque
198 2158 260 2218 dies
280 2159 419 2220 extremis
434 2158 567 2238 partibus
588 2160 734 2220 niensium
755 2159 902 2237 adposuit,
924 2176 962 2218 ne
977 2159 1033 2218 sci·

63 2240 134 2304 licet
153 2241 311 2321 religiones
332 2245 378 2305 sui
399 2245 541 2322 cuiusque
563 2245 672 2304 mensis
693 2262 708 2303 a
729 2243 795 2305 loco
811 2260 1032 2304 summoveren·

12 2338 45 2388 25
63 2335 123 2388 tur.
161 2337 343 2408 quapropter
363 2347 444 2389 nunc
460 2347 526 2389 curn
548 2329 579 2388 in
596 2336 709 2407 septem
725 2327 876 2390 mensibus
896 2328 959 2390 dies
973 2329 1032 2387 sin·
1053 2339 1084 2386 10

64 2411 126 2491 guli
142 2419 171 2473 et
182 2413 289 2474 triceni
304 2415 371 2484 sint,
390 2420 529 2492 quattuor
540 2421 640 2473 tamen
656 2412 696 2473 illi
707 2415 747 2474 ita
761 2413 898 2492 primitus
908 2413 1033 2474 instituti

64 2515 101 2557 eo
117 2497 313 2558 dinoscuntur
328 2497 406 2578 quod
422 2514 516 2558 nonas
531 2495 641 2558 babent
656 2499 848 2577 septimanas,
865 2499 958 2559 ceteri
972 2505 1033 2558 tres

64 2578 186 2663 [omnes
206 2581 255 2642 alii
275 2581 396 2664 reliqui]
419 2585 584 2663 quintanas.
618 2590 773 2661 praeterea
793 2600 847 2662 pro
869 2583 1033 2662 quadrante
1112 2551 1124 2583 ⁴

133 2804 157 2853 3.
177 2801 364 2852 interminalia
386 2803 412 2852 V
479 2805 503 2855 b.
526 2803 708 2854 brueorutnD
778 2803 802 2852 8.
820 2807 880 2866 post
898 2802 988 2852 abiret
1009 2802 1035 2851 V

63 2871 126 2920 add.
155 2869 258 2919 diutius
282 2871 373 2920 abiret
441 2869 601 2935 bruriusqne
622 2869 681 2920 DV
745 2871 770 2920 9.
798 2869 967 2932 redeptord

63 2937 313 2988 1o.mmusuen1)
369 2935 485 2989 nrutbane
503 2939 562 2988 DV
602 2935 824 2992 mueaxamnoo
841 2936 880 2998 D,
911 2936 1032 2986 interca-

62 3004 147 3054 landi
167 3004 196 3054 V
260 3007 300 3057 ll.
323 3004 398 3055 ultro
422 3006 493 3070 quod
514 3007 632 3056 Halmius
656 3004 732 3070 (quia
750 3003 952 3069 Loebmoanua),
982 3018 1032 3052 un·

63 3087 146 3137 utroq.
158 3073 193 3134 D,
212 3070 340 3136 ultroque
357 3073 389 3136 V,
408 3077 497 3138 utroq;
516 3089 547 3124 m.
560 3089 613 3126 ree.
625 3075 652 3122 in
668 3072 696 3121 V
704 3075 730 3122 ia
741 3088 821 3136 marg.
892 3073 933 3124 13.
950 3083 1031 3121 aemi-

63 3153 108 3189 uto
126 3141 162 3203 D,
181 3138 258 3205 qmili
279 3140 308 3190 V
373 3141 413 3190 14.
432 3141 596 3191 nxrr11DV
661 3141 701 3192 18.
720 3139 921 3190 turenlxanemo
939 3139 964 3188 D

63 3243 105 3291 21.
126 3239 292 3291 discriberet
308 3241 439 3306 Halmius,
458 3211 636 3292 depompatae*
654 3241 688 3304 D,
708 3240 851 3292 distribuit
874 3239 901 3288 V
914 3242 985 3304 uulgo

62 3309 105 3359 22.
124 3316 186 3372 post
203 3308 351 3359 Decembri
368 3310 393 3358 D
411 3311 473 3361 add.
486 3324 521 3359 ue
590 3313 632 3361 23.
651 3320 782 3358 meusium
801 3309 825 3358 D
844 3313 903 3358 onte
920 3313 974 3357 roe.
999 3307 1031 3368 V,

63 3391 207 3426 mensuum
226 3377 245 3426 d
311 3378 352 3428 24.
371 3377 499 3442 regiones
522 3377 550 3426 V
614 3377 655 3429 28.
673 3391 768 3426 omnes
781 3375 830 3427 olii
848 3375 947 3440 reliqui
959 3376 1032 3426 eiecit

63 3443 181 3504 Medius,
202 3458 351 3509 omnesque
370 3443 470 3510 reliqui
488 3447 553 3496 coni.
573 3445 750 3494 Laebmanrum
