2460 3940
331 217 379 267 nn
401 216 464 264 orn
486 217 618 266 ueram
642 217 717 267 cnr.
734 219 807 270 v111.
1016 207 1055 272 13

77 373 191 435 parere
213 354 367 418 mulierem
383 373 471 433 posse
485 354 607 434 plurimi
622 358 792 428 adfirmant,
816 367 850 419 ut
863 359 985 420 Theano
1000 360 1055 440 Py·

76 440 244 520 thagorica,
260 440 435 502 Aristoteles
448 442 667 520 peripateticus,
684 441 809 513 Diocles,
826 443 955 513 Euenor,
972 443 1054 506 Stra·

76 534 150 596 ton,
173 524 383 606 Empedocles,
406 525 554 604 Epigenes
569 525 714 605 multique
735 535 904 606 praeterea,
926 546 1054 606 quorum

78 611 215 672 omnium
237 627 400 672 consensus
415 610 626 692 Euryphonem
643 611 779 674 Cnidium
799 631 860 674 non
876 613 1007 675 deterret
1024 615 1054 674 id

39 703 57 751 5
79 696 182 772 ipsum
205 695 354 772 intrepide
373 703 599 774 pernegantem.
631 702 734 758 contra
756 715 823 758 eum
839 698 933 760 ierme
949 710 1087 760 omnesc

78 778 294 857 Epicharmnm
310 780 407 840 secuti
423 787 526 841 octavo
542 798 644 842 mense
659 782 741 842 nasci
762 790 960 858 negaverunt:
985 782 1052 843 liic·

79 862 145 925 cles
166 870 265 926 tamen
287 864 435 944 Carystius
463 873 493 925 et
511 864 683 926 Aristoteles
704 866 857 944 Stagirites
878 865 964 928 aliter
985 885 1052 929 sen·

78 955 197 1010 serunt.
227 966 306 1010 nono
328 957 428 1010 autem
449 957 479 1010 et
494 948 609 1010 decimo
625 967 727 1012 mense
749 968 817 1010 cum
834 950 972 1013 Chaldaei
986 951 1053 1030 pln-

78 1033 154 1094 rimi
175 1040 204 1093 et
217 1033 296 1094 idem
317 1050 407 1112 supra
430 1033 502 1094 mihi
522 1035 691 1095 nominatus
705 1033 877 1097 Aristoteles
898 1035 944 1098 edi
965 1053 1053 1116 posse

22 1126 57 1176 10
77 1124 202 1198 partum
224 1119 405 1196 putaverint,
427 1133 525 1194 neque
545 1117 692 1196 Epigenes
707 1119 864 1199 Byzantius
884 1137 964 1182 nono
987 1120 1053 1183 lieri

77 1219 172 1281 posse
192 1203 357 1273 contendit,
379 1219 435 1262 nec
450 1202 645 1283 Hippocrates
666 1204 743 1266 Cous
764 1204 889 1266 decimo.
920 1213 1052 1266 ceterum
1073 1216 1087 1264 a

77 1287 273 1348 undecimum
293 1305 429 1350 mensem
443 1286 616 1350 Aristoteles
631 1287 713 1350 solus
727 1290 848 1368 recipit,
872 1290 965 1351 ceteri
985 1290 1051 1350 uni-

77 1373 162 1432 versi
175 1371 381 1451 inprobarum.

148 1455 207 1518 Sed
227 1473 307 1518 nunc
327 1454 543 1518 Chaldaeorum
569 1457 645 1518 ratio
666 1455 796 1518 breviter
821 1457 975 1520 tractanda
996 1464 1049 1529 eet,
1068 1463 1087 1524 8

20 1551 56 1599 15
78 1538 352 1620 explicandumque
378 1558 431 1602 cur
458 1542 586 1620 septimo
608 1558 710 1603 mense
733 1549 762 1603 et
782 1557 861 1602 nono
889 1549 918 1603 et
938 1540 1053 1605 decimo

77 1625 287 1687 tantummodo
299 1643 387 1706 posse
402 1625 540 1688 homines
554 1626 638 1686 nasci
653 1625 845 1688 arbitrentur.
870 1633 939 1688 ante
953 1628 1052 1687 omnia
1071 1637 1086 1685 2

77 1710 175 1788 igitur
196 1710 297 1772 dicunt
323 1719 421 1771 actum
441 1711 591 1790 vitamque
612 1717 746 1772 nostram
768 1709 860 1772 stellis
886 1719 947 1772 tam
973 1713 1054 1790 vagis

77 1812 174 1873 quam
188 1796 272 1856 statis
288 1812 353 1855 esse
369 1793 542 1862 subiectam.
560 1812 721 1874 earumque
737 1797 819 1859 vario
836 1794 1053 1874 multiplicique

77 1896 173 1940 cursu
199 1896 293 1957 genus
318 1879 480 1940 humanum
506 1877 683 1957 gubernari,
719 1878 772 1940 sed
797 1881 929 1958 ipsarum
955 1886 1053 1940 motus

22 1975 58 2024 20
77 1964 296 2043 schemateque
319 1971 349 2024 ot
369 1965 492 2025 effectus
508 1981 524 2024 a
540 1962 601 2025 sole
617 1963 725 2026 crebro
746 1964 895 2025 inmutari.
930 1981 999 2025 nam
1020 1971 1054 2025 ut

78 2048 159 2110 aliae
174 2065 328 2118 occasum,
350 2046 509 2110 nonnullae
524 2049 682 2110 stationem
697 2048 806 2109 iaciant
820 2065 935 2129 nosque
956 2049 1053 2110 omnis

76 2134 139 2195 hac
155 2150 208 2194 sua
220 2131 354 2212 disparili
369 2139 570 2210 temperatura
585 2132 732 2203 adliciant,
748 2131 818 2194 solis
830 2133 895 2194 lieri
909 2135 1051 2212 potentia.

77 2220 184 2296 itaque
206 2235 288 2289 eum,
311 2219 363 2294 qui
378 2216 477 2279 stellas
497 2218 576 2296 ipsas
592 2217 699 2296 quibus
719 2233 875 2280 movemur
890 2224 1051 2297 permovet,
1071 2227 1087 2277 3

77 2304 214 2364 animam
229 2301 315 2363 nobis
330 2302 402 2363 dare
413 2320 471 2382 qua
486 2319 625 2380 regamur
640 2303 937 2381 potentissimumque
953 2303 982 2364 in
998 2319 1053 2364 nos

23 2399 58 2448 25
78 2404 151 2450 esse
171 2387 395 2466 moderarique,
427 2387 545 2464 quando
566 2393 632 2466 post
653 2388 880 2466 conceptionem
901 2387 1054 2449 veniamus

76 2473 112 2534 in
135 2469 249 2540 lucem;
273 2470 324 2532 sed
348 2471 406 2532 hoc
421 2489 475 2550 per
496 2477 557 2532 tres
576 2471 675 2532 lacere
690 2478 877 2550 conspectus.
910 2471 980 2551 quid
1001 2490 1053 2533 au·

78 2565 145 2618 tem
167 2555 205 2616 sit
226 2563 402 2636 conspectus
423 2563 453 2616 et
467 2563 540 2636 quot
560 2556 623 2616 eius
637 2572 765 2633 genera,
794 2565 829 2618 ut
848 2556 962 2635 liquido
984 2573 1053 2634 per·

78 2641 159 2721 spici
176 2642 281 2718 possit,
313 2658 406 2720 pauca
428 2639 609 2720 praedicam.
647 2639 776 2702 circulus
798 2648 858 2711 est,
889 2648 922 2703 nt
943 2641 1088 2710 lerunt,4

153 2963 179 3012 1.
197 2961 404 3028 proheqomcus
423 2961 477 3011 DV
545 2962 570 3011 2.
589 2973 764 3012 anrsrorems
783 2960 808 3008 Ι)
878 2972 981 3010 euenor
1002 2959 1031 3009 V

79 3042 212 3081 sranrorr
233 3029 288 3080 nV
354 3031 380 3079 4.
404 3027 583 3094 eumphouem
605 3029 662 3078 DV
728 3029 753 3079 5.
776 3039 856 3078 omne
879 3029 916 3087 D,
945 3029 1056 3078 carad

78 3101 106 3152 8.
127 3095 247 3148 chanliet
264 3097 322 3148 DV
386 3099 410 3148 9.
434 3097 501 3146 mihi
519 3113 565 3148 om.
589 3096 618 3146 V
682 3098 723 3147 10.
747 3095 896 3162 ephtqerees
913 3096 951 3156 D,
971 3095 1054 3160 ephy·

80 3180 172 3232 genes
196 3165 223 3213 V
287 3177 431 3216 sinemurus
448 3163 507 3214 DV
571 3166 611 3216 11.
636 3163 815 3231 hippocaarte
834 3165 871 3223 D,
901 3162 1055 3230 hyppocre-

79 3239 126 3284 tes
159 3233 188 3283 V
254 3234 294 3283 12.
323 3245 499 3284 asrsnorems
526 3231 581 3282 DV
649 3234 689 3282 14.
719 3229 907 3282 ehenheonum
934 3230 989 3281 DV

81 3303 129 3352 15.
147 3314 221 3365 quur
242 3300 270 3349 V
335 3303 375 3352 18.
395 3313 489 3352 sacros
506 3300 541 3362 D,
560 3300 700 3350 stantibus
717 3299 773 3350 dV
841 3301 881 3349 19.
900 3302 975 3350 motu
998 3299 1023 3348 V

80 3371 126 3420 20.
146 3367 350 3434 shemaraaqne
366 3368 424 3418 DV
490 3369 532 3423 22.
551 3365 923 3432 haspammranempenrrune
938 3367 977 3428 D,
1002 3365 1056 3418 die-

80 3434 230 3500 parilitate
249 3437 356 3501 pariter
377 3436 405 3486 V
469 3437 511 3488 24.
532 3438 636 3486 stante
654 3435 775 3486 animem
792 3436 852 3487 odd.
875 3435 898 3484 V
915 3437 987 3500 culpo

81 3506 118 3555 25
136 3517 328 3569 eouocprtone
340 3505 364 3554 D
434 3505 477 3556 at.
491 3502 559 3570 quob
573 3518 631 3555 etus
644 3505 670 3554 D
719 3503 831 3568 liquodo
848 3502 877 3552 V
880 3500 896 3561 ¹,
910 3517 980 3554 corr.
993 3517 1024 3553 m.
1037 3504 1055 3552 2
