2414 3946
162 205 205 270 60
406 220 612 270 rnnounrrrr
637 219 822 270 cnr.1v.v.
842 221 885 268 vr.

226 358 349 420 Multum
370 365 471 421 temen
491 358 597 429 reiert,
629 360 714 420 cuins
734 377 869 439 quaeque
890 357 992 420 steiloe
1015 359 1133 430 domus,

112 455 144 504 10
163 442 275 504 atienae
290 461 326 504 an
343 445 436 522 ipsius
451 445 497 505 sit.
528 443 634 505 domos
647 443 719 506 solis
734 443 796 513 leo,
812 442 900 504 innoc
915 460 1037 514 cancer,
1054 445 1134 505 Mer·

163 529 227 588 curi
252 528 335 606 virgo
360 537 390 589 et
414 527 538 606 gemini,
574 529 696 590 Veneris
722 527 798 589 libro
824 535 854 589 ει
879 536 994 596 taurus,
1032 529 1134 590 Mortis

162 613 280 691 scorpio
304 618 334 673 ei
355 614 447 682 ories,
477 612 553 674 loris
574 614 742 692 sagittarius
763 621 794 673 et
808 613 911 690 piscis,
943 613 1066 674 Saturni
1088 633 1133 674 co-

163 697 320 775 pricornus
343 705 372 758 ει
393 698 541 775 aquarius.
586 698 738 758 nocturnis
758 697 923 775 originibus
942 697 1044 758 invent
1065 697 1161 758 iuuat

163 783 241 842 Mers
258 783 370 850 Venus,
386 780 454 860 pius
469 781 517 842 die
532 791 656 859 possunt
668 779 714 843 sol
729 781 876 844 Saturnus
890 781 1039 859 luppiter,
1056 783 1134 844 Mer-

163 868 262 927 curius
276 867 357 927 varie
373 873 402 926 ει
417 864 566 944 quomodo
581 867 732 928 consensit
746 874 796 928 out
812 868 890 930 visus
904 875 959 928 est.

129 1065 148 1122 4
548 1067 598 1118 DE
618 1065 746 1118 TERRA.

228 1202 320 1264 Terra
333 1202 430 1264 medio
445 1204 577 1266 omnium
592 1220 694 1268 rerum
710 1210 764 1273 est,
780 1202 875 1264 formo
892 1201 1026 1280 globoso.
1051 1207 1135 1282 aquis

164 1288 306 1365 cingitur,
327 1288 358 1348 in
373 1305 442 1348 uera
457 1288 620 1367 prominet,
641 1288 751 1363 excipit
766 1286 889 1349 coelum.
935 1305 1032 1366 oquae
1054 1290 1136 1350 omni
1151 1297 1174 1344 10

164 1370 209 1430 vel
235 1376 318 1434 ueris
342 1375 485 1450 temperie
511 1379 654 1450 quantum
680 1371 830 1442 adficitur,
860 1373 900 1432 ita
927 1389 1136 1453 quaecumque

132 1459 134 1464 '
163 1457 290 1517 sustinet
304 1456 393 1516 officit
408 1463 438 1517 et
453 1463 558 1516 movet.

130 1553 145 1600 2
228 1541 346 1602 Poterat
371 1541 461 1602 duem
485 1539 562 1602 iiber
581 1539 686 1618 plenus
713 1539 850 1604 omnibus
870 1542 1051 1604 necessariis
1077 1545 1136 1603 iam

165 1624 258 1686 videri
279 1632 469 1688 consecutus:
494 1625 546 1690 sed
561 1643 630 1686 curn
645 1633 675 1686 ει
689 1624 792 1686 mundi
807 1625 1009 1688 dimensiones
1026 1634 1056 1688 et
1070 1626 1136 1706 pin·

165 1709 240 1770 rimu
262 1715 417 1786 praetereo
439 1710 469 1771 in
489 1709 633 1770 universis
647 1708 738 1770 rebus
753 1710 828 1770 ratio
843 1712 1024 1786 geometrico
1041 1711 1135 1790 inpie·
1151 1719 1173 1766 15

165 1794 254 1862 verit,
271 1810 365 1872 penca
380 1793 417 1856 de
433 1795 566 1855 numeris
582 1796 787 1874 mensurisque
803 1794 944 1856 dicemus.

132 1993 150 2052 5
488 1995 538 2046 Du
559 1994 805 2049 GEOMETRIOA.

229 2131 415 2192 Geometrica
438 2140 482 2192 est
503 2131 624 2192 scientia
645 2131 798 2209 digerendi
814 2131 924 2209 figuras
947 2129 1137 2210 [enumeres

167 2215 324 2278 emetiendi
346 2233 413 2276 cunr
431 2217 492 2276 suis
506 2212 747 2278 resolutionibus.
783 2233 926 2279 numerus
947 2223 995 2276 est
1009 2235 1136 2296 congre·

166 2301 244 2376 gotio
260 2298 445 2376 singulorum
459 2301 541 2360 finita
556 2317 675 2378 semper
688 2309 718 2362 et
731 2301 843 2362 infinito
858 2299 990 2380 notura}
1151 2308 1175 2356 eo

132 2498 152 2557 6
540 2503 590 2553 DE
609 2501 759 2556 FORMIS.

229 2635 303 2700 Noto
330 2645 375 2700 est
395 2638 478 2700 cuins
504 2653 574 2715 pers
595 2636 675 2699 nuiio
701 2646 761 2707 est,
791 2637 869 2700 lineo
895 2637 1053 2715 iongitudo
1075 2642 1136 2702 siue

166 2719 334 2792 latitudine,
362 2720 457 2783 lineae
477 2721 550 2782 fines
570 2729 667 2783 notae.
712 2729 794 2784 recta
818 2721 894 2784 linea
921 2729 966 2784 est
987 2741 1068 2802 quae
1088 2742 1136 2786 sn-

235 2893 258 2940 t.
282 2903 386 2941 srenne
406 2890 472 2952 DV,
500 2890 583 2940 stella
604 2893 676 2956 oripo
745 2894 768 2941 2.
793 2891 888 2942 alienu
914 2892 939 2941 V
1008 2905 1137 2944 meucunr

164 2955 251 3015 DV1,
269 2939 398 3008 mercurii
419 2958 490 3010 Vm.
509 2974 561 3012 rec.
630 2959 909 3022 4.10*us1›,iouic
975 2961 1075 3025 pisces
1097 2962 1122 3011 V

166 3025 189 3074 6.
212 3025 315 3090 iupiter
340 3027 367 3076 V
432 3027 457 3080 t.
480 3041 580 3076 uentae
602 3027 628 3076 D
698 3028 737 3076 10.
760 3027 790 3076 in
812 3043 878 3078 sere
901 3027 925 3076 V
994 3029 1036 3076 11.
1064 3030 1137 3080 neris

164 3095 224 3144 odd.
243 3093 341 3144 Iodnur
408 3096 464 3142 tem
485 3094 561 3144 etiae
582 3095 609 3144 V
612 3092 628 3153 ¹,
647 3109 716 3144 corr,
734 3097 792 3144 νεὶ
860 3109 933 3160 troq.
952 3107 1042 3160 eumq.
1062 3099 1088 3146 D

167 3163 206 3210 14.
223 3159 314 3212 utboni
331 3159 354 3224 (i
369 3161 396 3209 in
407 3109 515 3224 rach
586 3163 626 3210 16.
645 3160 761 3212 dicimus
784 3162 808 3211 V
877 3163 917 3214 17.
934 3174 1137 3228 peomerntsce

166 3230 203 3291 D,
227 3229 383 3294 geometria
404 3228 428 3277 V
497 3229 537 3279 18.
562 3227 699 3294 dirigendi
717 3232 790 3294 onipo
860 3233 888 3281 ει
905 3245 1034 3280 numeros
1053 3235 1135 3298 culpo,

166 3296 343 3348 arithmetice
359 3311 433 3349 num.
457 3297 521 3346 coni.
540 3296 638 3346 Iadnur
707 3297 747 3348 19.
768 3298 811 3346 sui
833 3298 860 3349 V
924 3299 966 3350 20.
987 3302 1016 3348 ει
1033 3314 1084 3350 om.
1102 3301 1135 3358 l),

165 3364 257 3412 oddd
318 3367 420 3417 nature
438 3362 472 3412 de
492 3363 587 3414 formis
604 3367 672 3413 nato
689 3367 807 3415 continno
819 3380 893 3416 uersu
908 3365 934 3414 V
1000 3367 1044 3416 22.
1064 3381 1136 3418 nors

167 3427 194 3487 (o
205 3429 232 3476 ιη
243 3429 308 3492 rae.)
323 3431 358 3488 D,
372 3435 439 3480 nate.
455 3431 482 3478 V
547 3432 588 3482 23.
603 3443 703 3484 utnece
717 3445 750 3482 ac
764 3446 836 3483 ntnts
849 3432 911 3496 DV,
924 3447 994 3484 corr.
1009 3432 1136 3486 euoenon

166 3499 192 3542 ει
209 3492 306 3542 Iahnns
373 3500 449 3562 recto
470 3498 521 3546 V
