2416 3944
348 219 459 270 BELLI
477 217 627 270 TROIANI
646 217 715 268 LlB.
731 219 782 268 ΙΙΙ.
1004 217 1046 282 53

77 368 253 434 Hectorem
275 367 411 452 virginis
435 388 529 433 causa
550 367 620 432 iret.
658 365 780 437 Hector
801 390 877 432 vero
900 368 1047 433 daturum
1107 363 1112 416 l
1142 427 1144 434 s

78 475 113 518 11
135 453 171 517 in
194 453 436 518 matrimonium
458 473 601 528 sororem
623 451 763 536 mandat,
786 453 813 517 si
836 453 898 517 sibi
918 453 1046 518 univer-

77 560 149 602 sum
174 538 349 603 exercitum
370 538 529 621 proderet.
1037 597 1039 601 ,

163 622 223 687 ΙΠ.
266 621 352 687 Dein
374 621 519 686 Achilles
541 621 721 686 soluturum
748 643 781 686 11
808 643 903 686 omne
925 622 1046 686 bellum
1165 683 1173 713 A

77 729 137 790 pro
159 706 325 790 Polyxena
351 705 471 771 tradita
498 706 678 790 pollicetur.
725 711 795 770 turn
823 706 959 771 Hector:
991 710 1072 771 aute

77 790 297 876 proditionem
319 793 360 855 ab
383 813 420 856 eo
443 791 710 874 confirmandam,
734 795 790 854 aut
811 791 895 855 filios
910 790 1047 856 Plisthe-

77 876 131 940 nis
154 879 250 959 'atque
272 875 405 940 Aiacem
426 875 681 940 interficiendos:
704 875 783 940 alias
806 875 844 940 de
865 875 924 940 tali
946 896 1045 960 nego·

77 960 127 1024 tio
149 959 234 1024 nihil
255 976 289 1024 s'e
311 960 504 1025 auditurum.
542 983 580 1026 ea
601 960 656 1024 ubi
678 961 821 1025 Achilles
844 961 976 1044 accepit,
998 960 1047 1024 ira

78 1045 225 1110 concitus
241 1045 413 1110 exclamat:
436 1067 484 1128 se,
507 1044 734 1128 cumprimum
756 1049 882 1128 tempus
904 1045 1046 1110 bellandi

77 1129 174 1212 foret,
185 1129 291 1214 primo
302 1129 428 1212 proelio
441 1130 718 1213 interempturum.
746 1129 820 1194 dein
835 1129 935 1194 animi
949 1130 1045 1194 iacta-
1060 1149 1085 1188 m

77 1214 169 1278 tione
191 1214 318 1278 saucius
340 1214 403 1278 huc
425 1218 522 1298 etque
543 1215 620 1279 illuc
642 1215 795 1279 oberrans
817 1213 978 1279 interdurn
999 1217 1046 1278 ta-
1163 1249 1165 1252 v

77 1319 165 1380 men,
189 1301 347 1382 quatenus
361 1299 524 1382 praesenti
537 1298 670 1384 negotio
691 1299 846 1362 utendum
869 1302 952 1362 esset
972 1318 1047 1363 con-

79 1383 211 1448 sultare.
255 1387 289 1447 at
316 1383 372 1448 ubi
400 1404 473 1448 eum
494 1382 701 1448 Automedon
729 1382 841 1446 iactari
869 1382 1047 1446 animost

78 1466 200 1551 quein
228 1465 295 1531 dies
322 1469 427 1553 magis
453 1467 620 1553 magisque
654 1470 797 1532 aestuare
826 1466 981 1531 desiderio
1009 1489 1046 1532 ac

77 1554 271 1635 pernoctare
300 1556 390 1617 extra
416 1553 558 1617 tentoria
584 1551 812 1617 animadvertit
839 1551 975 1633 veritus,
1004 1569 1084 1615 11111

78 1635 158 1720 quid
179 1634 349 1700 adversum
377 1658 410 1700 se
438 1641 494 1702 eut
521 1637 556 1702 in
583 1635 783 1721 supradictos
805 1657 897 1722 reges
919 1635 1045 1700 molire·

76 1725 146 1802 tur,
169 1720 320 1785 Patroclo
343 1723 439 1804 atque
461 1721 554 1786 Aiaci
582 1743 650 1786 rem
679 1725 826 1786 cunctam
855 1721 974 1806 aperit:
997 1721 1045 1784 hi-

77 1826 141 1888 que
164 1804 364 1870 dissimulato
394 1806 479 1889 quod
507 1806 675 1870 audierant
703 1828 777 1870 cum
803 1827 879 1891 rege
907 1826 1045 1870 commo·

79 1893 203 1954 rantur.
254 1911 291 1954 ac
317 1889 402 1954 forte
438 1889 577 1974 quodam
608 1894 754 1973 tempore
781 1890 966 1955 recordatus
995 1890 1045 1954 sui

77 1974 265 2038 convocatis
293 1976 325 2039 A
367 1996 539 2040 memnone
573 1979 605 2039 et
637 1973 786 2039 Menelao
813 1974 982 2060 negotium
1008 1977 1084 2038 uteo

80 2061 210 2143 gestum
232 2062 302 2123 erat
338 2059 571 2144 esidcriumque
594 2059 694 2123 animi
709 2057 827 2141 aperit:
850 2059 956 2142 aquis
980 2079 1046 2121 om-

77 2143 174 2206 nibus
213 2147 251 2207 ut
282 2142 370 2209 bono
403 2144 511 2209 animo
548 2146 659 2230 ageret
694 2142 921 2226 respondetur,
955 2142 1045 2206 brevi

78 2227 199 2310 quippe
222 2227 389 2292 dominum
416 2249 490 2292 eum
517 2227 694 2312 torcamo,
723 2249 820 2312 quam
845 2226 1044 2312 deprecando

76 2333 147 2376 non
169 2312 399 2394 impetraverit.
452 2335 534 2396 quae
560 2334 612 2377 res
642 2334 680 2376 eo
702 2312 820 2377 habere
842 2313 938 2377 fidem
960 2311 1045 2375 vide-

76 2397 183 2479 batur,
206 2396 360 2479 quoniam
374 2397 439 2462 iam
454 2419 579 2462 summa
592 2418 700 2461 reruni
715 2396 927 2462 Troianorum
944 2417 1045 2480 prope
1058 2413 1084 2452 2⁶

77 2501 227 2545 occasum
261 2485 331 2546 eret
364 2503 539 2565 omnesque
565 2481 662 2546 Asiae
696 2479 841 2546 civitates
881 2484 1045 2546 execratae

78 2564 256 2629 amicitiam
281 2564 517 2631 Priamidarum
544 2566 630 2631 ultro
652 2565 746 2630 nobis
768 2565 923 2630 auxillum
945 2564 1045 2630 socie-

76 2653 243 2733 tatemque
271 2649 349 2714 belli
377 2650 563 2735 offerebant,
597 2650 669 2734 quis
695 2650 735 2714 ab
763 2650 897 2716 ducibus
926 2651 1046 2714 nostris

77 2734 220 2818 benigue
242 2734 510 2817 respondebatur:
539 2736 617 2800 satis
639 2735 700 2799 sibi
733 2756 800 2800 esse
827 2735 1045 2818 praesentium

76 2818 245 2902 copiarum
272 2840 377 2902 neque
404 2819 596 2884 auxiliorum
619 2840 728 2905 egere:
756 2819 930 2884 amicitiam
958 2839 1044 2900 eane,
1057 2836 1086 2878 ao

77 2925 177 3050 pluam
192 2901 354 2986 offerrent,
376 2904 462 2969 ultro
477 2905 637 3002 suscipere
652 2904 916 2986 voluntatemque
934 2916 1045 2967 eorum

92 3009 149 3052 ore
178 2989 304 3070 gratam
331 2988 496 3054 omnibus:
531 2989 654 3054 sc1licet
687 2989 763 3072 quia
789 2989 876 3052 fluxa
907 2987 985 3052 fides
1014 2993 1047 3052 et
1158 3063 1160 3068 ¹

76 3071 178 3136 animi
201 3093 312 3136 earum
326 3073 462 3156 spectati
479 3073 585 3158 neque
606 3078 674 3138 tam
696 3074 802 3139 subita
816 3073 957 3138 1111111111
976 3072 1045 3136 sine

75 3156 152 3220 dolo
176 3156 373 3222 credebatur.

160 3239 219 3305 IV.
255 3240 324 3306 Iam
349 3262 389 3305 ue
412 3241 531 3306 exactis
553 3241 696 3308 hibernis
713 3242 876 3308 mensibus
897 3263 954 3306 ver
976 3260 1045 3305 coe·
1058 3256 1085 3298 ³⁵

74 3328 185 3408 perat,
217 3345 290 3389 cum
318 3263 397 3390 (1111
425 3325 529 3392 edicto
575 3327 657 3409 rius,
686 3329 734 3393 uti
762 3327 867 3392 omnis
895 3326 988 3390 miles
1010 3326 1046 3390 in

76 3409 177 3476 armis
192 3413 285 3492 esset,
307 3432 383 3476 mox
405 3410 500 3494 signo
515 3349 592 3478 belli
615 3412 700 3477 edito
717 3412 891 3476 exercitum
912 3411 947 3475 in
962 3431 1045 3476 cam-

145 3569 179 3620 10
196 3567 283 3633 primo
301 3567 407 3634 proelio
425 3582 472 3618 om.
491 3567 545 3618 PV
562 3567 647 3618 nescio
666 3583 700 3618 an
717 3574 795 3618 recle.
