2460 3940
347 184 460 234 nunni
478 183 632 236 sacroru
650 183 719 235 urs.
740 184 786 236 vr.
993 182 1053 247 103

85 333 239 400 addidere
268 353 307 397 ea
335 332 406 417 quis
435 332 548 397 mobili
574 353 670 397 suasu
691 336 807 397 natura
827 332 983 398 muliebre
1005 334 1054 398 in-

83 418 220 502 genium
240 417 344 502 magis
366 416 535 482 adversum
563 438 638 482 suos
666 417 899 482 incenderetur.
930 419 1052 502 itaque

85 502 223 586 Aegiale
245 501 468 566 advenientem
482 501 673 566 Diomedem
694 523 754 586 per
774 503 859 566 cives
876 502 966 566 aditu
980 524 1053 585 pro-

84 585 187 652 hibet.
243 585 456 671 Clytemestra
486 608 545 670 per
571 589 620 650 Ae
648 589 653 598 '
687 587 766 651 hum
801 587 957 651 adulterio
992 587 1053 652 sibi

84 671 544 820 ,ffrffipgffinnffl
558 671 738 820 titii?
759 671 1079 821 illitati&

84 805 170 937 edit..
225 777 354 904 inteiim
392 777 582 924 Taltldybius
624 839 760 906 Oresten
799 777 1053 938 {gamemnonis

83 925 191 988 fihurn
229 925 377 989 manibus
411 924 561 1010 Aegisthi
594 929 739 1008 ereptum
771 923 959 1008 Idomeneo,
997 946 1053 1009 qur

85 1008 174 1092 apud
195 1006 388 1074 Corinthum
416 1010 547 1095 agebat,
576 1008 682 1074 tradit.
733 1031 770 1074 eo
799 1008 971 1075 Diomedes
1001 1031 1053 1074 cx·

84 1092 198 1177 pulsus
219 1113 321 1190 regno
344 1098 377 1158 et
390 1093 531 1158 Teucrus
545 1094 728 1178 prohibitus
743 1093 907 1160 Salamina
929 1094 1092 1159 aTela-10

85 1198 198 1260 mone,
228 1178 351 1242 scilicet
378 1178 464 1262 quod
492 1178 624 1242 fratrem
652 1178 777 1243 insidiis
800 1179 1053 1244 circumventum

87 1283 157 1326 non
186 1261 393 1345 defendisset,
425 1265 631 1328 conveniunt.
688 1264 817 1328 interim
847 1263 1073 1332 Menestheus,

86 1367 161 1410 cum
183 1346 308 1411 Aethra
328 1346 445 1412 Thesei
467 1351 499 1412 et
521 1347 675 1432 Clymene
701 1347 769 1411 filia
796 1348 864 1412 eius
891 1348 931 1412 ab
954 1347 1054 1412 Athe-

85 1431 253 1496 niensibus
274 1431 437 1516 recipitur,
459 1431 675 1516 Demophoon
698 1435 794 1518 atque
815 1434 951 1497 Acamas
974 1432 1053 1496 foris

84 1519 228 1580 manent.
273 1519 414 1580 ceterum
442 1517 498 1581 ubi
519 1517 627 1600 plures
655 1537 781 1601 eorum,
809 1518 864 1601 qui
897 1539 983 1582 mare
1005 1517 1053 1581 in·
1066 1532 1091 1573 1⁵

85 1600 247 1685 sidiasquo
270 1622 401 1665 suorum
424 1606 606 1685 evaserant,
628 1602 714 1685 apud
736 1599 929 1667 Corinthum
951 1602 1051 1685 fuere,

84 1688 217 1769 cavent,
251 1685 300 1749 uti
328 1685 432 1750 iuncti
463 1686 549 1751 inter
577 1708 611 1750 se
645 1686 774 1771 singula
802 1686 1053 1771 aggrederentur

83 1769 1052 1939 {stiltilatinii,intellegitat?

85 1940 177 2004 rium
199 1940 324 2004 animos
345 1961 451 2024 neque
473 1939 752 2023 committendum,
775 1940 823 2004 uti
844 1961 903 2024 per
924 1939 1052 2004 seditio·
1065 1957 1091 1996 20

85 2045 163 2088 nem
178 2021 314 2090 Graecia
335 2025 441 2089 omnis
462 2025 625 2090 intestinis
647 2022 814 2089 discordiis
836 2045 1053 2107 eorrumpere-

84 2113 149 2173 tur.
185 2129 290 2192 neque
312 2108 415 2174 multo
435 2113 509 2193 post
531 2110 697 2195 cognoscit
711 2108 883 2173 Diomedes
904 2109 939 2172 in
955 2110 1053 2172 Aeto·

86 2193 133 2256 lia
153 2193 194 2257 ab
220 2193 288 2276 his,
312 2194 368 2276 qui
388 2215 447 2277 per
469 2195 646 2258 absentiam
674 2194 741 2258 eius
762 2213 900 2278 regnum
921 2192 1052 2257 infesta·

85 2278 182 2360 bant,
213 2281 352 2342 Oeneum
379 2278 489 2342 multis
516 2278 679 2342 afflictari:
708 2277 750 2342 ob
778 2299 860 2376 quae
888 2277 1052 2362 profectus

85 2361 127 2426 ad
145 2383 184 2426 ea
204 2363 276 2426 loca
291 2383 411 2445 omnes,
434 2384 514 2446 quos
530 2369 676 2428 auctores
697 2362 834 2427 iniunae
856 2366 1050 2447 reppererat,
1065 2375 1090 2418 2⁵

85 2446 240 2512 interficit
285 2451 436 2531 metuque
476 2448 625 2512 omnihus
663 2447 781 2511 circum
820 2446 900 2511 locis
933 2448 1051 2511 iniecto

85 2530 181 2595 facile
204 2531 245 2595 ab
268 2532 333 2594 suis
354 2535 502 2615 receptus
530 2535 586 2597 est.
630 2531 704 2596 inde
725 2552 784 2616 per
806 2552 933 2596 ornnem
956 2533 1053 2596 Crue-

84 2617 169 2680 ciam
190 2615 278 2680 fama
299 2619 370 2680 orta
391 2636 466 2680 suos
493 2616 628 2700 quisque
655 2636 747 2701 reges
769 2617 946 2700 accipiunt:
970 2638 1053 2680 snm-

85 2722 172 2764 mam
194 2700 230 2764 in
251 2700 311 2782 his,
337 2701 393 2783 qui
416 2699 502 2783 apud
516 2701 646 2766 'lhoiam
666 2700 876 2784 bellaverant,
899 2701 1053 2766 virtutem

84 2805 196 2935 nequtee
212 2786 248 2849 in
269 2785 447 2934 ,rtzsistendo
471 2786 658 2871 cuiusquam
679 2786 769 2934 Iodires
790 2785 923 2851 idoneas
946 2784 1052 2933 exppti-
1065 2797 1091 2839 ⁸0

84 2885 162 2934 man
197 2889 222 2934 s.
266 2892 278 2933 1
338 2889 399 2936 nos
450 2891 491 2934 uo
515 2891 555 2934 ue
584 2892 657 2934 cum
717 2891 851 2934 omenec
880 2889 955 2934 ree
1005 2889 1060 2932 re·-

84 2959 153 3019 tam
196 2954 337 3053 patrium
376 2892 645 3020 solqusnmma
677 2954 893 3040 gratulatione
916 2889 1053 3018 gcivium

82 3059 307 3104 remeavimus.
1023 3057 1026 3062 '

156 3265 168 3311 l
200 3261 300 3313 mobile
332 3269 431 3328 suapte
463 3263 486 3312 P
577 3264 609 3312 13
641 3260 755 3312 aethera
787 3263 828 3312 sei
856 3259 904 3312 ΕΒ
947 3258 1053 3310 Aethra

84 3330 190 3380 Thesei
207 3331 233 3379 P
322 3333 355 3380 14
372 3331 499 3382 demofon
519 3327 560 3395 G!
576 3329 706 3379 schemas
726 3327 773 3379 GB
859 3331 890 3380 15
914 3327 961 3394 qui
978 3342 1052 3378 mere

83 3397 258 3462 insidiasque
282 3412 391 3448 suorum
409 3399 470 3451 add.
484 3397 508 3447 P
523 3413 571 3450 cm.
594 3397 616 3446 G
653 3411 728 3446 mare
747 3396 916 3462 insidiasque
943 3409 1053 3446 suorum

83 3482 132 3516 om.
148 3463 173 3514 B
251 3467 285 3514 24
302 3479 410 3516 aenean
425 3466 472 3518 GB
502 3463 625 3516 Oeneum
643 3479 712 3517 corr.
729 3464 865 3516 Mereerua
936 3465 969 3515 28
988 3475 1054 3513 suas

84 3548 111 3596 q.
130 3534 210 3598 leges
230 3531 277 3583 GB
294 3549 363 3587 corr.
382 3535 416 3586 P.
440 3598 445 3608 ι
