2460 3940
179 176 241 240 104
412 165 419 175 ’
482 177 615 230 meurs
635 176 837 230 easrnusrs

260 327 320 393 HI.
364 325 450 395 Dein
478 328 534 392 ubi
557 326 685 392 Orestes
712 327 880 394 transactis
908 328 1066 411 pueritiae
1087 351 1145 394 an-

176 413 227 478 nis
250 412 358 478 officia
379 412 441 476 viri
468 412 583 496 exequi
609 412 731 496 coepit,
760 416 832 476 orat
852 411 1069 496 Idomeneum,
1089 415 1144 481 -uti

177 517 285 562 secum
308 519 353 562 ex·
370 519 408 562 ea
429 497 536 561 insula
551 519 647 580 quam
666 497 823 580 plurimos
844 497 1001 569 mitteret:
1025 519 1145 582 cupere

176 603 316 666 namque
344 603 378 646 se
405 581 552 647 Athenas
580 582 742 666 navigare.
787 581 896 664 itaque
925 581 1059 648 collecto
1083 605 1144 648 nu-

90 733 92 738 ,
151 686 265 731 smero
288 688 399 730 eorum
429 687 509 749 quos
540 665 672 732 idoneos
699 665 849 733 credebat
874 667 1019 733 Athenas
1041 667 1146 748 venit,

176 751 216 815 ab
244 749 294 816 his
322 750 476 815 auxilium
501 754 614 816 contra
639 749 834 836 Aegisthum
864 755 943 816 orat.
997 750 1080 815 dein·
1102 751 1144 816 ad

177 836 343 901 oraculum
370 835 438 899 adit
470 856 722 932 responsumque
755 835 833 919 fert,
867 836 929 900 uti
943 839 1079 900 matrem
1110 841 1143 900 et

176 940 249 984 cum
272 941 310 984 ea
323 919 516 1004 Aegisthum
538 920 724 985 interficrat:
747 941 786 983 ex
808 919 978 1004 quesere,
1001 921 1050 986 uti
1071 941 1144 1005 reg-

175 1026 255 1071 num
275 1005 416 1101 patrium
437 1005 601 1087 reciperet.
638 1003 824 1101 huiusmodi
844 1005 976 1101 numine
999 1008 1143 1101 armatus

138 1108 164 1146 ¹⁰
177 1109 250 1322 {¹51¹}
265 1089 563 1255 ledisset
584 1087 971 1238 distillasti
991 1111 1144 1270 legati

199 1262 380 1342 empserat,
402 1257 600 1342 indignatus,
623 1257 709 1342 quod
731 1261 837 1341 spreto
859 1256 967 1340 priore
988 1259 1143 1343 oon1ugio

177 1341 423 1426 Clytemestram
445 1342 667 1426 superduxerit
694 1345 726 1406 et
753 1363 862 1428 regem
890 1341 1035 1408 omnium
1056 1344 1143 1427 Aga-

177 1449 381 1492 memnonem
396 1427 534 1491 insidiis
563 1425 774 1509 interiacent,
808 1426 893 1492 ultro
927 1426 957 1490 ei
985 1427 1140 1494 auxilium

138 1529 163 1570 rs
176 1511 344 1576 adversum
366 1511 603 1576 inimicissimos
619 1511 787 1594 optulerat.
811 1511 934 1594 ,itaque
956 1511 1142 1594 conspirato

176 1596 261 1660 inter
276 1617 309 1658 se
321 1617 394 1660 eum
404 1615 523 1679 magna
532 1617 630 1660 manu
641 1595 793 1678 Mycenas
807 1596 945 1660 veniunt
958 1595 1142 1679 statimque,

177 1679 262 1762 quod
285 1678 461 1764 Aegisthus
491 1679 614 1762 aberat,
642 1681 748 1762 primo
771 1679 1015 1762 Clytemestram
1044 1681 1142 1746 inter-

176 1764 290 1828 fieiunt
328 1763 510 1846 multosque
544 1763 640 1847 alios,
675 1765 730 1848 qui
761 1765 909 1828 resistere
943 1765 1012 1828 ausi
1040 1769 1142 1849 erant,

177 1847 252 1912 dein
277 1849 407 1933 cognito
430 1848 624 1932 Aegisthum
647 1849 820 1914 adventare
854 1849 987 1913 insidias
1014 1853 1146 1932 ponunt

139 1952 165 1991 ao
178 1954 251 1998 eum
275 1954 314 1996 ue
330 1932 594 2030 circumveniunt..
631 1931 706 2002 inde
728 1955 929 2018 peromnem
943 1935 1144 2029 Argisorum

176 2039 262 2168 dih
279 2017 514 2198 athlete?
527 2017 1146 2186 reseruassemus

176 2191 258 2252 rent.
282 2208 361 2269 per
386 2186 471 2250 idem
493 2189 620 2270 tempus
643 2186 809 2250 Menelaus
837 2185 988 2270 adpulsus
1012 2185 1145 2266 Cretam

177 2275 293 2334 cuncta
314 2292 351 2333 su
375 2291 409 2334 er
423 2272 669 2355 Agamemnone
684 2291 785 2356 regno
809 2293 849 2336 ue
873 2271 940 2339 eius
962 2273 1142 2356 cognoscit.

137 2372 164 2413 os
203 2438 209 2451 ⁸
260 2353 318 2419 IV.
351 2293 484 2418 interea
497 2375 555 2438 per
570 2377 698 2452 omnem
720 2293 859 2420 insulam
873 2359 1045 2440 postquam
1067 2377 1145 2440 cog-

175 2441 282 2515 mtum
303 2437 462 2502 Helenam
484 2460 521 2504 eo
544 2461 684 2524 vemsse,
714 2441 809 2505 multi
830 2440 972 2524 undique
994 2440 1090 2506 virili
1106 2463 1146 2508 ac

175 2522 325 2587 muliebri
336 2545 414 2588 sexu
425 2524 593 2588 confluunt
607 2524 847 2590 adinvenientes
859 2524 1033 2608 dinoscere,
1048 2525 1142 2592 ouius

211 2607 282 2672 etia
303 2607 390 2672 orbis
411 2629 514 2691 paene
538 2610 642 2674 omnis
671 2609 712 2674 ad
732 2609 852 2674 bellum
881 2609 1143 2694 conspiravisset.

176 2627 223 2756 lii
244 2691 329 2758 inter
352 2695 457 2758 cetera
471 2693 637 2760 Menelaus
658 2693 780 2777 perfert
794 2691 952 2758 Teucrum
970 2694 1141 2777 expulsum

137 2795 163 2836 eo
175 2777 282 2862 patria
314 2777 478 2842 civitatem
516 2777 602 2861 apud
636 2777 777 2862 Cyprum
812 2777 975 2844 Salamina
1011 2779 1146 2844 nomine
1218 2801 1219 2844 l

177 2862 365 2927 condidisse.
415 2862 518 2928 multa
545 2863 641 2928 etiam
670 2863 755 2948 apud
781 2864 968 2949 Aegyptum
994 2863 1146 2928 miranda

176 2946 276 3010 refert
304 2950 336 3010 et
364 2946 489 3031 Canopi
522 2948 746 3032 gubernatoris
773 2949 838 3032 sui,
872 2948 924 3013 eui
951 2948 1007 3014 ubi
1032 2969 1144 3012 morsu

151 3039 153 3044 '
176 3031 375 3115 serpentium
396 3032 573 3115 interierat,
596 3036 777 3097 extructum
798 3033 1006 3118 magnifieum
1028 3055 1144 3096 monu-
1218 3039 1219 3102 l

176 3119 329 3180 mentum.
375 3115 449 3181 dein
471 3117 526 3180 uhi
548 3120 674 3201 tempus
696 3117 801 3182 visum
822 3121 887 3202 est,
911 3117 1064 3201 Mycenas
1086 3139 1144 3181 na·
1218 3153 1219 3208 y

244 3322 366 3386 siquod
387 3321 434 3374 GB
469 3321 559 3386 quoad
577 3323 603 3373 P
669 3324 701 3373 22
721 3323 926 3388 eapientesGB
962 3323 1148 3388 cupientesP

177 3389 209 3438 27
236 3386 419 3441 aduenientes
446 3391 517 3448 libri,
542 3397 653 3440 aesimon
678 3391 775 3455 Pelper
805 3392 843 3442 cf.
869 3407 895 3456 p.
922 3392 964 3452 52,
992 3392 1037 3452 17,
1068 3393 1143 3453 aalys
1218 3395 1219 3456 y

177 3459 292 3506 suentes
343 3459 376 3506 29
394 3457 481 3508 refert
492 3457 546 3508 PV
560 3460 633 3524 culpo
652 3459 759 3523 profert
810 3462 843 3511 30
856 3458 1019 3509 salaminam
1032 3456 1057 3506 B
1109 3459 1143 3508 32
1218 3457 1219 3468 ¹

177 3523 225 3585 qui
242 3521 309 3582 libri,
328 3525 372 3573 cui
389 3525 494 3588 Peiper.
986 3523 988 3529 ’
1054 3589 1057 3594 ¹
