2416 3944
344 198 457 248 BELLI
474 197 626 250 TROIANI
643 198 715 248 LIB.
732 195 780 248 IV.
1008 197 1046 260 71

77 349 209 414 Achille
238 351 270 412 et
297 347 429 431 reliquis
459 346 592 411 ducibus
614 350 823 494 puffloetur’
867 347 930 412 hoc
951 347 1047 413 modo

78 436 238 498 instructo
253 432 415 516 utrimque
437 432 578 495 exercitu
599 452 661 496 con
687 432 694 445 ‘
718 452 771 494 ere
793 431 885 496 acies.
930 434 1049 497 cadunt

77 518 207 604 sagittis
230 517 361 601 reginae
383 516 515 600 plurimi
535 537 641 600 neque
663 516 705 579 ab
719 515 849 580 Teucris
872 537 961 581 secus
983 518 1049 582 bel·

78 603 191 667 latum:
236 601 366 665 interim
394 600 510 664 Aiaces
539 603 571 664 et
599 600 750 684 quicum
771 599 822 664 his
848 605 941 665 erant
961 602 1071 685 pedi.

78 691 128 751 tes
134 737 144 770 ‚
168 690 282 751 contra
304 707 384 769 quos
407 687 576 763 steterant,
605 684 735 749 caedere
757 706 794 749 ac
814 689 973 750 restantes
996 686 1074 750 des

77 771 209 836 trudere
244 771 453 852 umbonibus,
489 790 628 852 moxque
665 769 811 852 repulsos
845 771 1047 835 obtruncare.
1114 818 1117 823 -

79 853 1037 1020 mlta‘³¹²ldlltltlrltltdplrahhlha

79 1025 164 1088 leam
192 1027 306 1088 nactus
328 1023 422 1087 hasta
443 1023 540 1106 petit,
567 1043 673 1106 neque
701 1021 864 1086 difficilius
886 1045 984 1107 quam
1005 1023 1051 1088 fe-

79 1108 204 1174 minam
232 1128 314 1190 equo
338 1107 486 1172 deturbat
507 1123 605 1170 manu
634 1106 898 1190 conprehendens
926 1129 1051 1173 comam
1065 1129 1090 1168 ιο

78 1198 178 1276 atque
201 1193 249 1256 ita
269 1192 412 1276 graviter
432 1191 633 1255 vulneratam
662 1190 842 1256 detrahens.
887 1191 973 1274 quod
995 1192 1051 1256 ubi

80 1278 187 1341 visum
214 1280 277 1360 est,
309 1280 379 1340 tum
407 1297 483 1340 vero
516 1275 639 1339 nullam
673 1296 762 1358 spem
794 1275 830 1339 in
863 1276 961 1339 armis
988 1277 1051 1340 rati

80 1361 196 1446 fugam
217 1360 357 1426 faciunt:
380 1361 559 1444 clausisque
575 1359 714 1423 civitatis
729 1359 832 1442 portis
854 1360 958 1424 nostri
979 1360 1052 1424 reli-

79 1467 173 1530 quos,
192 1466 274 1528 quos
290 1445 374 1530 fuga
387 1445 472 1510 bello
491 1446 665 1526 exemerat,
684 1443 822 1507 insecuti
847 1445 1050 1529 obtruncant,

80 1529 214 1594 feminis
228 1533 338 1594 tamen
352 1529 551 1595 abstinentes
572 1548 687 1591 manus
701 1531 932 1612 parcentesque
951 1530 1049 1594 sexui.
1065 1551 1090 1590 15

82 1615 160 1680 dein
189 1614 239 1678 uti
266 1615 401 1698 quisque
429 1613 547 1696 victor,
576 1611 756 1676 interfectis
778 1634 859 1697 quos
881 1614 1052 1680 advorsum

80 1700 205 1780 ierant,
234 1697 489 1784 regrediebatur,
518 1697 757 1762 Penthesileam
785 1697 889 1762 risere
918 1699 1052 1763 semine-

79 1805 151 1848 cem
184 1782 282 1847 etiam
309 1802 397 1847 nunc
424 1781 638 1864 admirarique
666 1781 840 1847 audaciam.
891 1783 937 1847 ita
961 1783 1052 1847 brevi

80 1869 123 1932 ab
147 1867 299 1932 omnibus
320 1867 356 1931 in
377 1866 514 1931 eundem
542 1865 649 1931 locum
671 1887 863 1932 coneursum
884 1867 1052 1951 placitum-

79 1973 161 2036 que,
191 1951 255 2034 uti,
291 1952 445 2035 quoniam
472 1954 607 2015 naturae
642 1971 799 2033 sexusque
829 1950 1052 2016 condicionem
1066 1973 1091 2012 ao

82 2057 236 2120 superare
251 2057 329 2100 ausa
343 2039 435 2118 esset,
458 2035 493 2099 in
508 2035 643 2099 fluvium
656 2033 782 2116 reliquo
798 2033 902 2099 adhuc
923 2035 963 2098 ad
983 2057 1053 2119 per-

81 2119 290 2184 sentiendum
311 2120 427 2204 spiritu
449 2122 505 2184 aut
527 2118 662 2184 canibus
679 2117 865 2182 dilanianda
886 2119 1052 2194 iaceretur.

85 2204 231 2270 Achilles
258 2204 461 2269 interfectam
489 2225 560 2268 eam
593 2201 727 2286 sepelire
762 2203 894 2286 cupiens
927 2225 1003 2269 mox
1035 2227 1054 2268 a

84 2288 252 2354 Diomede
265 2288 447 2373 prohibitus
470 2291 527 2353 est.
564 2287 591 2352 is
613 2308 752 2385 namque
790 2291 973 2353 ercontatus
996 2289 1055 2354 eir-

81 2376 298 2456 cumstantes‚
329 2371 482 2456 quidnam
510 2373 549 2436 de
577 2393 616 2435 ea
642 2372 749 2436 facien
771 2393 826 2435 um
853 2376 950 2457 esset,
979 2394 1054 2439 con·
1067 2392 1092 2432 25

82 2479 183 2522 sensu
214 2458 360 2522 omnium
386 2456 521 2541 pedibus
550 2455 728 2520 adtractum
761 2457 796 2520 in
823 2454 1054 2522 Scamandrum

85 2541 294 2626 praecipitet,
317 2541 440 2639 scilieet
459 2559 599 2624 poenam
620 2543 800 2623 postremae
823 2540 1054 2640 desperationis

84 2624 1055 2794 lelltclpnllffllhsdllmmtlhdtll⁰t¹>llt¹m¹t⁶tt²lattj

84 2793 134 2891 ad·
154 2797 355 2878 postremum
389 2794 461 2878 ipsa
493 2793 710 2876 spectaculum
743 2792 877 2878 dignum
912 2795 1054 2858 moribus
1068 2813 1095 2854 ao

84 2900 152 2942 surs
198 2878 334 2943 racbuit.

172 2901 231 3026 lV.
282 2965 327 3027 At
354 2962 502 3046 sequenti
529 2961 579 3026 die
606 2961 761 3026 Memnon
794 2959 928 3026 Tithoni
959 2965 1055 3046 atque

155 3151 293 3202 rv-vu.
313 3149 409 3204 uara.
430 3150 563 3200 rer-rer
582 3149 699 3200 cedrea.
719 3150 741 3200 Ρ
761 3151 819 3200 ras.
840 3115 898 3200 ras.

158 3335 256 3390 'llinis
275 3337 328 3387 fuit
345 3337 370 3386 P
438 3338 468 3384 12
487 3349 547 3386 cum
565 3336 667 3386 ueroG
685 3351 754 3387 corr.
771 3337 797 3389 P
864 3335 896 3385 15
914 3349 996 3384 manu
1011 3335 1058 3386 GB

86 3419 158 3457 corr.
182 3405 208 3454 P
285 3406 316 3454 16
339 3406 436 3470 utique
461 3403 509 3454 ΕΒ
547 3404 589 3452 uti
612 3404 727 3468 quisque
751 3403 804 3453 PV
892 3405 925 3453 27
948 3403 1059 3454 scilieet

87 3468 156 3540 pllllt
178 3487 298 3537 poenam
321 3471 343 3522 G
365 3472 478 3521 Daoeria
503 3473 589 3523 maluit
612 3486 703 3535 poena
726 3474 767 3520 uel
787 3471 817 3520 in
835 3483 965 3535 poenam,
997 3471 1060 3519 Vin-

89 3541 191 3604 dinpr'as
210 3540 341 3590 luiturum
359 3555 386 3605 p.
455 3537 621 3590 antithesis
641 3537 689 3588 ΕΒ
722 3539 806 3588 titoni
823 3539 854 3588 P.
1071 3535 1073 3542 ’
