<?xml version="1.0" encoding="UTF-8"?>
<!DOCTYPE html PUBLIC "-//W3C//DTD XHTML 1.0 Transitional//EN"
    "http://www.w3.org/TR/xhtml1/DTD/xhtml1-transitional.dtd">
<html xmlns="http://www.w3.org/1999/xhtml" xml:lang="en" lang="en">
 <head>
  <title>
</title>
<meta http-equiv="Content-Type" content="text/html;charset=utf-8" />
  <meta name='ocr-system' content='tesseract 3.04.00' />
  <meta name='ocr-capabilities' content='ocr_page ocr_carea ocr_par ocr_line ocrx_word'/>
</head>
<body>
  <div class='ocr_page' id='page_1' title='image "./ephemeridosbell00meisgoog_0081.png"; bbox 0 0 2416 3944; ppageno 0'>
   <div class='ocr_carea' id='block_1_1' title="bbox 144 209 804 273">
    <p class='ocr_par' dir='ltr' id='par_1_1' title="bbox 144 209 804 273">
     <span class='ocr_line' id='line_1_1' title="bbox 144 209 804 273; baseline 0 -13"><span class='ocrx_word' id='word_1_1' title='bbox 144 209 185 273; x_wconf 78' lang='lat'><strong>58</strong></span> <span class='ocrx_word' id='word_1_2' title='bbox 452 210 583 262; x_wconf 80' lang='lat' dir='ltr'><strong>merus</strong></span> <span class='ocrx_word' id='word_1_3' title='bbox 604 209 804 261; x_wconf 80' lang='lat' dir='ltr'><strong>cssrsusls</strong></span> 
     </span>
    </p>
   </div>
   <div class='ocr_carea' id='block_1_2' title="bbox 109 357 1207 3126">
    <p class='ocr_par' dir='ltr' id='par_1_2' title="bbox 109 357 1207 3126">
     <span class='ocr_line' id='line_1_2' title="bbox 145 357 1111 444; baseline -0.002 -20"><span class='ocrx_word' id='word_1_4' title='bbox 145 362 336 444; x_wconf 80' lang='lat' dir='ltr'><strong>Agapenor,</strong></span> <span class='ocrx_word' id='word_1_5' title='bbox 366 359 447 422; x_wconf 90' lang='lat' dir='ltr'><strong>alter</strong></span> <span class='ocrx_word' id='word_1_6' title='bbox 474 357 693 424; x_wconf 79' lang='lat' dir='ltr'><strong>Echinadibns</strong></span> <span class='ocrx_word' id='word_1_7' title='bbox 720 359 909 442; x_wconf 90' lang='lat' dir='ltr'><strong>imperator,</strong></span> <span class='ocrx_word' id='word_1_8' title='bbox 936 360 1111 442; x_wconf 82' lang='lat' dir='ltr'><strong>Agapenor</strong></span> 
     </span>
     <span class='ocr_line' id='line_1_3' title="bbox 144 442 1110 527; baseline -0.003 -17"><span class='ocrx_word' id='word_1_9' title='bbox 144 443 311 510; x_wconf 77' lang='lat' dir='ltr'><strong>Arcadiae.</strong></span> <span class='ocrx_word' id='word_1_10' title='bbox 356 444 441 508; x_wconf 90' lang='lat' dir='ltr'><strong>inter</strong></span> <span class='ocrx_word' id='word_1_11' title='bbox 463 465 544 527; x_wconf 87' lang='lat' dir='ltr'><strong>quae</strong></span> <span class='ocrx_word' id='word_1_12' title='bbox 566 449 632 508; x_wconf 91' lang='lat' dir='ltr'><strong>tam</strong></span> <span class='ocrx_word' id='word_1_13' title='bbox 661 443 757 508; x_wconf 83' lang='lat' dir='ltr'><strong>foeda</strong></span> <span class='ocrx_word' id='word_1_14' title='bbox 782 447 874 507; x_wconf 88' lang='lat' dir='ltr'><strong>tanta</strong></span> <span class='ocrx_word' id='word_1_15' title='bbox 900 442 1110 508; x_wconf 76' lang='lat' dir='ltr'>inclinatione</span> 
     </span>
     <span class='ocr_line' id='line_1_4' title="bbox 144 527 1108 611; baseline 0 -19"><span class='ocrx_word' id='word_1_16' title='bbox 144 551 252 592; x_wconf 91' lang='lat' dir='ltr'><strong>rerum</strong></span> <span class='ocrx_word' id='word_1_17' title='bbox 279 528 446 592; x_wconf 78' lang='lat' dir='ltr'><strong>Patroclus</strong></span> <span class='ocrx_word' id='word_1_18' title='bbox 476 529 640 594; x_wconf 84' lang='lat' dir='ltr'><strong>fortunam</strong></span> <span class='ocrx_word' id='word_1_19' title='bbox 668 527 901 593; x_wconf 86' lang='lat' dir='ltr'><strong>belli.vincere</strong></span> <span class='ocrx_word' id='word_1_20' title='bbox 930 548 1108 611; x_wconf 84' lang='lat' dir='ltr'><strong>agressus,</strong></span> 
     </span>
     <span class='ocr_line' id='line_1_5' title="bbox 145 612 1109 696; baseline 0.005 -20"><span class='ocrx_word' id='word_1_21' title='bbox 145 614 222 677; x_wconf 91' lang='lat' dir='ltr'><strong>dum</strong></span> <span class='ocrx_word' id='word_1_22' title='bbox 258 613 406 677; x_wconf 74' lang='lat' dir='ltr'><strong>hortatur</strong></span> <span class='ocrx_word' id='word_1_23' title='bbox 442 634 517 678; x_wconf 89' lang='lat' dir='ltr'><strong>suos</strong></span> <span class='ocrx_word' id='word_1_24' title='bbox 553 612 648 678; x_wconf 88' lang='lat' dir='ltr'><strong>simul</strong></span> <span class='ocrx_word' id='word_1_25' title='bbox 684 617 780 696; x_wconf 84' lang='lat' dir='ltr'><strong>atque</strong></span> <span class='ocrx_word' id='word_1_26' title='bbox 821 613 920 676; x_wconf 86' lang='lat' dir='ltr'><strong>instat</strong></span> <span class='ocrx_word' id='word_1_27' title='bbox 986 612 1109 681; x_wconf 82' lang='lat' dir='ltr'><strong>ostibus</strong></span> 
     </span>
     <span class='ocr_line' id='line_1_6' title="bbox 122 695 1109 782; baseline 0.004 -26"><span class='ocrx_word' id='word_1_28' title='bbox 122 697 345 782; x_wconf 80' lang='lat' dir='ltr'><strong>spromptiore</strong></span> <span class='ocrx_word' id='word_1_29' title='bbox 374 719 469 780; x_wconf 91' lang='lat' dir='ltr'><strong>quam</strong></span> <span class='ocrx_word' id='word_1_30' title='bbox 499 697 639 762; x_wconf 87' lang='lat' dir='ltr'><strong>bellandi</strong></span> <span class='ocrx_word' id='word_1_31' title='bbox 667 719 737 762; x_wconf 90' lang='lat' dir='ltr'><strong>mos</strong></span> <span class='ocrx_word' id='word_1_32' title='bbox 760 702 824 779; x_wconf 89' lang='lat' dir='ltr'><strong>est,</strong></span> <span class='ocrx_word' id='word_1_33' title='bbox 853 697 918 760; x_wconf 86' lang='lat' dir='ltr'><strong>telo</strong></span> <span class='ocrx_word' id='word_1_34' title='bbox 939 695 1109 779; x_wconf 82' lang='lat' dir='ltr'><strong>Euphorbi</strong></span> 
     </span>
     <span class='ocr_line' id='line_1_7' title="bbox 145 781 1110 865; baseline -0.002 -18"><span class='ocrx_word' id='word_1_35' title='bbox 145 786 227 847; x_wconf 90' lang='lat' dir='ltr'><strong>ictus</strong></span> <span class='ocrx_word' id='word_1_36' title='bbox 252 784 331 848; x_wconf 88' lang='lat' dir='ltr'><strong>ruit:</strong></span> <span class='ocrx_word' id='word_1_37' title='bbox 361 783 532 865; x_wconf 80' lang='lat' dir='ltr'><strong>statimque</strong></span> <span class='ocrx_word' id='word_1_38' title='bbox 559 781 681 846; x_wconf 81' lang='lat' dir='ltr'><strong>Hector</strong></span> <span class='ocrx_word' id='word_1_39' title='bbox 708 781 863 846; x_wconf 84' lang='lat' dir='ltr'><strong>advolans</strong></span> <span class='ocrx_word' id='word_1_40' title='bbox 891 781 1046 864; x_wconf 90' lang='lat' dir='ltr'><strong>opprimit</strong></span> <span class='ocrx_word' id='word_1_41' title='bbox 1072 803 1110 846; x_wconf 89' lang='lat' dir='ltr'><strong>ac</strong></span> 
     </span>
     <span class='ocr_line' id='line_1_8' title="bbox 146 865 1109 950; baseline -0.001 -19"><span class='ocrx_word' id='word_1_42' title='bbox 146 867 281 950; x_wconf 86' lang='lat' dir='ltr'><strong>desuper</strong></span> <span class='ocrx_word' id='word_1_43' title='bbox 303 868 489 932; x_wconf 84' lang='lat' dir='ltr'><strong>vulneribus</strong></span> <span class='ocrx_word' id='word_1_44' title='bbox 503 867 613 931; x_wconf 90' lang='lat' dir='ltr'><strong>multis</strong></span> <span class='ocrx_word' id='word_1_45' title='bbox 634 866 731 931; x_wconf 85' lang='lat' dir='ltr'><strong>fodit:</strong></span> <span class='ocrx_word' id='word_1_46' title='bbox 755 887 893 948; x_wconf 88' lang='lat' dir='ltr'><strong>moxque</strong></span> <span class='ocrx_word' id='word_1_47' title='bbox 908 865 1042 930; x_wconf 87' lang='lat' dir='ltr'><strong>enititur</strong></span> <span class='ocrx_word' id='word_1_48' title='bbox 1057 866 1109 930; x_wconf 87' lang='lat' dir='ltr'><strong>ab·</strong></span> 
     </span>
     <span class='ocr_line' id='line_1_9' title="bbox 145 950 1109 1036; baseline 0 -22"><span class='ocrx_word' id='word_1_49' title='bbox 145 953 288 1016; x_wconf 77' lang='lat' dir='ltr'><strong>atrahere</strong></span> <span class='ocrx_word' id='word_1_50' title='bbox 310 951 444 1035; x_wconf 90' lang='lat' dir='ltr'><strong>proelio,</strong></span> <span class='ocrx_word' id='word_1_51' title='bbox 467 951 589 1016; x_wconf 89' lang='lat' dir='ltr'><strong>scilicet</strong></span> <span class='ocrx_word' id='word_1_52' title='bbox 611 951 783 1016; x_wconf 87' lang='lat' dir='ltr'><strong>insolentie</strong></span> <span class='ocrx_word' id='word_1_53' title='bbox 799 950 905 1036; x_wconf 83' lang='lat' dir='ltr'><strong>gentis</strong></span> <span class='ocrx_word' id='word_1_54' title='bbox 928 970 1004 1014; x_wconf 88' lang='lat' dir='ltr'><strong>suae</strong></span> <span class='ocrx_word' id='word_1_55' title='bbox 1027 950 1109 1014; x_wconf 92' lang='lat' dir='ltr'><strong>inlu-</strong></span> 
     </span>
     <span class='ocr_line' id='line_1_10' title="bbox 147 1034 1107 1120; baseline 0 -22"><span class='ocrx_word' id='word_1_56' title='bbox 147 1036 220 1100; x_wconf 88' lang='lat' dir='ltr'><strong>dere</strong></span> <span class='ocrx_word' id='word_1_57' title='bbox 248 1037 379 1118; x_wconf 91' lang='lat' dir='ltr'><strong>cupiens</strong></span> <span class='ocrx_word' id='word_1_58' title='bbox 412 1057 470 1118; x_wconf 94' lang='lat' dir='ltr'><strong>per</strong></span> <span class='ocrx_word' id='word_1_59' title='bbox 496 1037 646 1100; x_wconf 90' lang='lat' dir='ltr'><strong>universa</strong></span> <span class='ocrx_word' id='word_1_60' title='bbox 676 1056 795 1120; x_wconf 82' lang='lat' dir='ltr'><strong>genera</strong></span> <span class='ocrx_word' id='word_1_61' title='bbox 823 1034 1107 1100; x_wconf 80' lang='lat' dir='ltr'><strong>debonestamenti.</strong></span> 
     </span>
     <span class='ocr_line' id='line_1_11' title="bbox 109 1119 1109 1205; baseline 0.005 -27"><span class='ocrx_word' id='word_1_62' title='bbox 109 1139 134 1178; x_wconf 88' lang='grc' dir='ltr'><strong>1ο</strong></span> <span class='ocrx_word' id='word_1_63' title='bbox 148 1120 234 1203; x_wconf 92' lang='lat' dir='ltr'><strong>quod</strong></span> <span class='ocrx_word' id='word_1_64' title='bbox 262 1120 317 1184; x_wconf 94' lang='lat' dir='ltr'><strong>ubi</strong></span> <span class='ocrx_word' id='word_1_65' title='bbox 344 1120 437 1184; x_wconf 83' lang='lat' dir='ltr'><strong>Aiaci</strong></span> <span class='ocrx_word' id='word_1_66' title='bbox 465 1121 631 1205; x_wconf 85' lang='lat' dir='ltr'><strong>cognitum</strong></span> <span class='ocrx_word' id='word_1_67' title='bbox 663 1123 726 1202; x_wconf 87' lang='lat' dir='ltr'><strong>est,</strong></span> <span class='ocrx_word' id='word_1_68' title='bbox 761 1119 873 1184; x_wconf 88' lang='lat' dir='ltr'><strong>relicto</strong></span> <span class='ocrx_word' id='word_1_69' title='bbox 902 1119 959 1183; x_wconf 88' lang='lat' dir='ltr'><strong>ubi</strong></span> <span class='ocrx_word' id='word_1_70' title='bbox 986 1139 1109 1204; x_wconf 76' lang='lat' dir='ltr'><strong>pugna</strong></span> 
     </span>
     <span class='ocr_line' id='line_1_12' title="bbox 147 1204 1108 1288; baseline 0 -20"><span class='ocrx_word' id='word_1_71' title='bbox 147 1208 237 1268; x_wconf 85' lang='lat' dir='ltr'><strong>verat</strong></span> <span class='ocrx_word' id='word_1_72' title='bbox 262 1226 398 1288; x_wconf 90' lang='lat' dir='ltr'><strong>propere</strong></span> <span class='ocrx_word' id='word_1_73' title='bbox 426 1207 579 1288; x_wconf 89' lang='lat' dir='ltr'><strong>accurrit,</strong></span> <span class='ocrx_word' id='word_1_74' title='bbox 608 1206 736 1288; x_wconf 87' lang='lat' dir='ltr'><strong>iamque</strong></span> <span class='ocrx_word' id='word_1_75' title='bbox 758 1204 880 1286; x_wconf 85' lang='lat' dir='ltr'><strong>eripere</strong></span> <span class='ocrx_word' id='word_1_76' title='bbox 902 1204 1037 1268; x_wconf 83' lang='lat' dir='ltr'><strong>cadaver</strong></span> <span class='ocrx_word' id='word_1_77' title='bbox 1060 1225 1108 1268; x_wconf 92' lang='lat' dir='ltr'><strong>oc-</strong></span> 
     </span>
     <span class='ocr_line' id='line_1_13' title="bbox 147 1287 1111 1373; baseline -0.002 -19"><span class='ocrx_word' id='word_1_78' title='bbox 147 1289 320 1372; x_wconf 87' lang='lat' dir='ltr'><strong>cipientem</strong></span> <span class='ocrx_word' id='word_1_79' title='bbox 346 1290 516 1373; x_wconf 87' lang='lat' dir='ltr'><strong>proturbat</strong></span> <span class='ocrx_word' id='word_1_80' title='bbox 548 1290 649 1354; x_wconf 87' lang='lat' dir='ltr'><strong>hasta.</strong></span> <span class='ocrx_word' id='word_1_81' title='bbox 707 1289 837 1353; x_wconf 88' lang='lat' dir='ltr'><strong>interim</strong></span> <span class='ocrx_word' id='word_1_82' title='bbox 870 1287 1066 1370; x_wconf 86' lang='lat' dir='ltr'><strong>Euphorbus</strong></span> <span class='ocrx_word' id='word_1_83' title='bbox 1092 1311 1111 1352; x_wconf 90' lang='lat' dir='ltr'><strong>a</strong></span> 
     </span>
     <span class='ocr_line' id='line_1_14' title="bbox 146 1372 1110 1440; baseline -0.002 -2"><span class='ocrx_word' id='word_1_84' title='bbox 146 1373 293 1438; x_wconf 88' lang='lat' dir='ltr'><strong>Menelao</strong></span> <span class='ocrx_word' id='word_1_85' title='bbox 322 1379 354 1438; x_wconf 91' lang='lat' dir='ltr'><strong>et</strong></span> <span class='ocrx_word' id='word_1_86' title='bbox 375 1375 474 1440; x_wconf 84' lang='lat' dir='ltr'><strong>Aiace</strong></span> <span class='ocrx_word' id='word_1_87' title='bbox 502 1374 602 1439; x_wconf 87' lang='lat' dir='ltr'><strong>altero</strong></span> <span class='ocrx_word' id='word_1_88' title='bbox 631 1395 755 1438; x_wconf 91' lang='lat' dir='ltr'><strong>summo</strong></span> <span class='ocrx_word' id='word_1_89' title='bbox 785 1372 890 1438; x_wconf 89' lang='lat' dir='ltr'><strong>studio</strong></span> <span class='ocrx_word' id='word_1_90' title='bbox 913 1373 1110 1438; x_wconf 81' lang='lat' dir='ltr'><strong>circumven-</strong></span> 
     </span>
     <span class='ocr_line' id='line_1_15' title="bbox 145 1456 1110 1541; baseline 0.001 -20"><span class='ocrx_word' id='word_1_91' title='bbox 145 1463 198 1521; x_wconf 87' lang='lat' dir='ltr'><strong>tus</strong></span> <span class='ocrx_word' id='word_1_92' title='bbox 227 1459 347 1522; x_wconf 90' lang='lat' dir='ltr'><strong>scilicet</strong></span> <span class='ocrx_word' id='word_1_93' title='bbox 374 1463 485 1524; x_wconf 86' lang='lat' dir='ltr'><strong>auctor</strong></span> <span class='ocrx_word' id='word_1_94' title='bbox 510 1458 695 1541; x_wconf 87' lang='lat' dir='ltr'><strong>interempti</strong></span> <span class='ocrx_word' id='word_1_95' title='bbox 723 1456 811 1522; x_wconf 91' lang='lat' dir='ltr'><strong>ducis</strong></span> <span class='ocrx_word' id='word_1_96' title='bbox 850 1461 952 1522; x_wconf 90' lang='lat' dir='ltr'><strong>morte</strong></span> <span class='ocrx_word' id='word_1_97' title='bbox 989 1479 1110 1540; x_wconf 89' lang='lat' dir='ltr'><strong>poenas</strong></span> 
     </span>
     <span class='ocr_line' id='line_1_16' title="bbox 109 1541 1110 1627; baseline -0.001 -21"><span class='ocrx_word' id='word_1_98' title='bbox 109 1560 133 1598; x_wconf 75' lang='lat'><strong>1⁵</strong></span> <span class='ocrx_word' id='word_1_99' title='bbox 146 1543 218 1606; x_wconf 73' lang='lat' dir='ltr'><strong>luit:</strong></span> <span class='ocrx_word' id='word_1_100' title='bbox 255 1542 368 1607; x_wconf 90' lang='lat' dir='ltr'><strong>deinde</strong></span> <span class='ocrx_word' id='word_1_101' title='bbox 397 1543 573 1626; x_wconf 89' lang='lat' dir='ltr'><strong>occipiente</strong></span> <span class='ocrx_word' id='word_1_102' title='bbox 602 1563 734 1627; x_wconf 87' lang='lat' dir='ltr'><strong>vespera</strong></span> <span class='ocrx_word' id='word_1_103' title='bbox 760 1541 919 1625; x_wconf 90' lang='lat' dir='ltr'><strong>proelium</strong></span> <span class='ocrx_word' id='word_1_104' title='bbox 947 1541 1110 1606; x_wconf 90' lang='lat' dir='ltr'><strong>dirimitur</strong></span> 
     </span>
     <span class='ocr_line' id='line_1_17' title="bbox 146 1625 1108 1710; baseline 0.001 -21"><span class='ocrx_word' id='word_1_105' title='bbox 146 1626 229 1690; x_wconf 89' lang='lat' dir='ltr'><strong>male</strong></span> <span class='ocrx_word' id='word_1_106' title='bbox 251 1630 283 1689; x_wconf 93' lang='lat' dir='ltr'><strong>et</strong></span> <span class='ocrx_word' id='word_1_107' title='bbox 298 1649 371 1690; x_wconf 89' lang='lat' dir='ltr'><strong>cum</strong></span> <span class='ocrx_word' id='word_1_108' title='bbox 386 1625 538 1690; x_wconf 90' lang='lat' dir='ltr'><strong>dedecore</strong></span> <span class='ocrx_word' id='word_1_109' title='bbox 553 1627 699 1710; x_wconf 87' lang='lat' dir='ltr'><strong>plurimis</strong></span> <span class='ocrx_word' id='word_1_110' title='bbox 714 1631 899 1691; x_wconf 89' lang='lat' dir='ltr'><strong>nostrorum</strong></span> <span class='ocrx_word' id='word_1_111' title='bbox 916 1626 1108 1690; x_wconf 88' lang='lat' dir='ltr'><strong>interfectis.</strong></span> 
     </span>
     <span class='ocr_line' id='line_1_18' title="bbox 231 1710 1110 1795; baseline 0 -21"><span class='ocrx_word' id='word_1_112' title='bbox 231 1710 287 1774; x_wconf 91' lang='lat' dir='ltr'><strong>XI.</strong></span> <span class='ocrx_word' id='word_1_113' title='bbox 332 1710 394 1775; x_wconf 83' lang='lat' dir='ltr'><strong>Sed</strong></span> <span class='ocrx_word' id='word_1_114' title='bbox 415 1715 586 1795; x_wconf 86' lang='lat' dir='ltr'><strong>postquam</strong></span> <span class='ocrx_word' id='word_1_115' title='bbox 612 1713 761 1776; x_wconf 88' lang='lat' dir='ltr'><strong>reductae</strong></span> <span class='ocrx_word' id='word_1_116' title='bbox 787 1710 949 1794; x_wconf 88' lang='lat' dir='ltr'><strong>utrimque</strong></span> <span class='ocrx_word' id='word_1_117' title='bbox 971 1711 1055 1775; x_wconf 87' lang='lat' dir='ltr'><strong>acies</strong></span> <span class='ocrx_word' id='word_1_118' title='bbox 1077 1716 1110 1774; x_wconf 90' lang='lat' dir='ltr'><strong>et</strong></span> 
     </span>
     <span class='ocr_line' id='line_1_19' title="bbox 146 1793 1111 1880; baseline -0.002 -20"><span class='ocrx_word' id='word_1_119' title='bbox 146 1795 268 1860; x_wconf 88' lang='lat' dir='ltr'><strong>iamin</strong></span> <span class='ocrx_word' id='word_1_120' title='bbox 295 1798 366 1859; x_wconf 87' lang='lat' dir='ltr'><strong>tuto</strong></span> <span class='ocrx_word' id='word_1_121' title='bbox 394 1795 485 1860; x_wconf 88' lang='lat' dir='ltr'><strong>miles</strong></span> <span class='ocrx_word' id='word_1_122' title='bbox 507 1802 617 1860; x_wconf 89' lang='lat' dir='ltr'><strong>noster</strong></span> <span class='ocrx_word' id='word_1_123' title='bbox 645 1800 727 1878; x_wconf 88' lang='lat' dir='ltr'><strong>erat,</strong></span> <span class='ocrx_word' id='word_1_124' title='bbox 756 1795 863 1860; x_wconf 90' lang='lat' dir='ltr'><strong>cuncti</strong></span> <span class='ocrx_word' id='word_1_125' title='bbox 885 1815 977 1880; x_wconf 79' lang='lat' dir='ltr'><strong>reges</strong></span> <span class='ocrx_word' id='word_1_126' title='bbox 999 1793 1111 1859; x_wconf 92' lang='lat' dir='ltr'><strong>Achil-</strong></span> 
     </span>
     <span class='ocr_line' id='line_1_20' title="bbox 146 1879 1111 1962; baseline -0.001 -18"><span class='ocrx_word' id='word_1_127' title='bbox 146 1880 210 1944; x_wconf 89' lang='lat' dir='ltr'><strong>lem</strong></span> <span class='ocrx_word' id='word_1_128' title='bbox 241 1881 439 1944; x_wconf 85' lang='lat' dir='ltr'><strong>conveniunt</strong></span> <span class='ocrx_word' id='word_1_129' title='bbox 481 1879 696 1945; x_wconf 88' lang='lat' dir='ltr'><strong>deformatum</strong></span> <span class='ocrx_word' id='word_1_130' title='bbox 732 1880 797 1943; x_wconf 90' lang='lat' dir='ltr'><strong>iam</strong></span> <span class='ocrx_word' id='word_1_131' title='bbox 835 1880 975 1944; x_wconf 87' lang='lat' dir='ltr'><strong>lacrimis</strong></span> <span class='ocrx_word' id='word_1_132' title='bbox 1014 1883 1111 1962; x_wconf 89' lang='lat' dir='ltr'><strong>atque</strong></span> 
     </span>
     <span class='ocr_line' id='line_1_21' title="bbox 109 1963 1207 2048; baseline 0 -20"><span class='ocrx_word' id='word_1_133' title='bbox 109 1980 134 2021; x_wconf 75' lang='lat'><strong>2⁰</strong></span> <span class='ocrx_word' id='word_1_134' title='bbox 149 1965 236 2028; x_wconf 92' lang='lat' dir='ltr'><strong>omni</strong></span> <span class='ocrx_word' id='word_1_135' title='bbox 268 1964 425 2048; x_wconf 90' lang='lat' dir='ltr'><strong>supplicio</strong></span> <span class='ocrx_word' id='word_1_136' title='bbox 459 1964 669 2029; x_wconf 84' lang='lat' dir='ltr'><strong>lamentandi:</strong></span> <span class='ocrx_word' id='word_1_137' title='bbox 711 1965 767 2046; x_wconf 90' lang='lat' dir='ltr'><strong>qui</strong></span> <span class='ocrx_word' id='word_1_138' title='bbox 800 1963 897 2028; x_wconf 92' lang='lat' dir='ltr'><strong>modo</strong></span> <span class='ocrx_word' id='word_1_139' title='bbox 931 1968 1112 2046; x_wconf 88' lang='lat' dir='ltr'><strong>prostratus</strong></span> <span class='ocrx_word' id='word_1_140' title='bbox 1205 2013 1207 2020; x_wconf 70' lang='lat'><strong>,</strong></span> 
     </span>
     <span class='ocr_line' id='line_1_22' title="bbox 147 2048 1115 2134; baseline -0.003 -20"><span class='ocrx_word' id='word_1_141' title='bbox 147 2050 251 2132; x_wconf 88' lang='lat' dir='ltr'><strong>humi,</strong></span> <span class='ocrx_word' id='word_1_142' title='bbox 281 2071 367 2114; x_wconf 90' lang='lat' dir='ltr'><strong>nunc</strong></span> <span class='ocrx_word' id='word_1_143' title='bbox 395 2048 542 2115; x_wconf 83' lang='lat' dir='ltr'><strong>cadaveri</strong></span> <span class='ocrx_word' id='word_1_144' title='bbox 569 2050 772 2134; x_wconf 88' lang='lat' dir='ltr'><strong>superiacens</strong></span> <span class='ocrx_word' id='word_1_145' title='bbox 807 2048 886 2113; x_wconf 87' lang='lat' dir='ltr'><strong>adeo</strong></span> <span class='ocrx_word' id='word_1_146' title='bbox 915 2049 1115 2131; x_wconf 89' lang='lat' dir='ltr'><strong>reliquorum</strong></span> 
     </span>
     <span class='ocr_line' id='line_1_23' title="bbox 147 2133 1113 2218; baseline -0.003 -19"><span class='ocrx_word' id='word_1_147' title='bbox 147 2135 271 2199; x_wconf 89' lang='lat' dir='ltr'><strong>animos</strong></span> <span class='ocrx_word' id='word_1_148' title='bbox 293 2139 576 2218; x_wconf 83' lang='lat' dir='ltr'><strong>pertemptaverat,</strong></span> <span class='ocrx_word' id='word_1_149' title='bbox 599 2139 636 2198; x_wconf 87' lang='lat' dir='ltr'><strong>ut</strong></span> <span class='ocrx_word' id='word_1_150' title='bbox 658 2134 741 2197; x_wconf 82' lang='lat' dir='ltr'><strong>Aiax</strong></span> <span class='ocrx_word' id='word_1_151' title='bbox 764 2137 875 2214; x_wconf 86' lang='lat' dir='ltr'><strong>etiam,</strong></span> <span class='ocrx_word' id='word_1_152' title='bbox 906 2134 962 2217; x_wconf 92' lang='lat' dir='ltr'><strong>qui</strong></span> <span class='ocrx_word' id='word_1_153' title='bbox 984 2133 1113 2197; x_wconf 89' lang='lat' dir='ltr'><strong>solandi</strong></span> 
     </span>
     <span class='ocr_line' id='line_1_24' title="bbox 147 2215 1207 2300; baseline 0 -18"><span class='ocrx_word' id='word_1_154' title='bbox 147 2240 242 2283; x_wconf 88' lang='lat' dir='ltr'><strong>causa</strong></span> <span class='ocrx_word' id='word_1_155' title='bbox 257 2219 432 2300; x_wconf 88' lang='lat' dir='ltr'><strong>adstiterat,</strong></span> <span class='ocrx_word' id='word_1_156' title='bbox 455 2218 537 2282; x_wconf 91' lang='lat' dir='ltr'><strong>nihil</strong></span> <span class='ocrx_word' id='word_1_157' title='bbox 558 2219 659 2283; x_wconf 83' lang='lat' dir='ltr'><strong>luctui</strong></span> <span class='ocrx_word' id='word_1_158' title='bbox 677 2217 868 2281; x_wconf 86' lang='lat' dir='ltr'><strong>remitteret:</strong></span> <span class='ocrx_word' id='word_1_159' title='bbox 889 2238 952 2282; x_wconf 91' lang='lat' dir='ltr'><strong>nec</strong></span> <span class='ocrx_word' id='word_1_160' title='bbox 966 2217 1112 2282; x_wconf 86' lang='lat' dir='ltr'><strong>Patrocli</strong></span> <span class='ocrx_word' id='word_1_161' title='bbox 1206 2215 1207 2228; x_wconf 54' lang='lat'>¹</span> 
     </span>
     <span class='ocr_line' id='line_1_25' title="bbox 146 2302 1115 2386; baseline 0 -20"><span class='ocrx_word' id='word_1_162' title='bbox 146 2306 274 2366; x_wconf 87' lang='lat' dir='ltr'><strong>tantum</strong></span> <span class='ocrx_word' id='word_1_163' title='bbox 296 2324 382 2366; x_wconf 90' lang='lat' dir='ltr'><strong>mors</strong></span> <span class='ocrx_word' id='word_1_164' title='bbox 405 2302 560 2386; x_wconf 81' lang='lat' dir='ltr'><strong>gemitum</strong></span> <span class='ocrx_word' id='word_1_165' title='bbox 581 2302 674 2367; x_wconf 92' lang='lat' dir='ltr'><strong>illum</strong></span> <span class='ocrx_word' id='word_1_166' title='bbox 696 2302 818 2366; x_wconf 90' lang='lat' dir='ltr'><strong>cunctis</strong></span> <span class='ocrx_word' id='word_1_167' title='bbox 841 2303 1033 2384; x_wconf 83' lang='lat' dir='ltr'><strong>incusserat,</strong></span> <span class='ocrx_word' id='word_1_168' title='bbox 1057 2302 1115 2366; x_wconf 89' lang='lat' dir='ltr'><strong>sed</strong></span> 
     </span>
     <span class='ocr_line' id='line_1_26' title="bbox 110 2385 1116 2554; baseline -0.001 -19"><span class='ocrx_word' id='word_1_169' title='bbox 110 2386 319 2535; x_wconf 55' lang='lat' dir='ltr'><strong>”liiidie</strong></span> <span class='ocrx_word' id='word_1_170' title='bbox 338 2385 1116 2554; x_wconf 54' lang='lat' dir='ltr'><strong>tttttttttt‘utsltdtt‘tttdt</strong></span> 
     </span>
     <span class='ocr_line' id='line_1_27' title="bbox 148 2554 1118 2639; baseline -0.001 -19"><span class='ocrx_word' id='word_1_171' title='bbox 148 2560 217 2620; x_wconf 90' lang='lat' dir='ltr'><strong>tum</strong></span> <span class='ocrx_word' id='word_1_172' title='bbox 239 2556 379 2638; x_wconf 90' lang='lat' dir='ltr'><strong>primum</strong></span> <span class='ocrx_word' id='word_1_173' title='bbox 399 2554 562 2637; x_wconf 91' lang='lat' dir='ltr'><strong>proditum</strong></span> <span class='ocrx_word' id='word_1_174' title='bbox 584 2560 633 2620; x_wconf 89' lang='lat' dir='ltr'><strong>est</strong></span> <span class='ocrx_word' id='word_1_175' title='bbox 660 2577 836 2639; x_wconf 89' lang='lat' dir='ltr'><strong>numquam</strong></span> <span class='ocrx_word' id='word_1_176' title='bbox 859 2560 954 2620; x_wconf 84' lang='lat' dir='ltr'><strong>antea</strong></span> <span class='ocrx_word' id='word_1_177' title='bbox 975 2578 994 2619; x_wconf 88' lang='lat' dir='ltr'><strong>a</strong></span> <span class='ocrx_word' id='word_1_178' title='bbox 1016 2555 1118 2620; x_wconf 84' lang='lat' dir='ltr'><strong>Grae-</strong></span> 
     </span>
     <span class='ocr_line' id='line_1_28' title="bbox 148 2639 1206 2726; baseline 0 -22"><span class='ocrx_word' id='word_1_179' title='bbox 148 2640 194 2704; x_wconf 89' lang='lat' dir='ltr'><strong>cis</strong></span> <span class='ocrx_word' id='word_1_180' title='bbox 216 2639 355 2703; x_wconf 89' lang='lat' dir='ltr'><strong>solitum.</strong></span> <span class='ocrx_word' id='word_1_181' title='bbox 393 2639 493 2723; x_wconf 83' lang='lat' dir='ltr'><strong>igitur</strong></span> <span class='ocrx_word' id='word_1_182' title='bbox 514 2661 606 2726; x_wconf 84' lang='lat' dir='ltr'><strong>reges</strong></span> <span class='ocrx_word' id='word_1_183' title='bbox 620 2640 729 2704; x_wconf 91' lang='lat' dir='ltr'><strong>multis</strong></span> <span class='ocrx_word' id='word_1_184' title='bbox 744 2641 892 2724; x_wconf 90' lang='lat' dir='ltr'><strong>precibus</strong></span> <span class='ocrx_word' id='word_1_185' title='bbox 910 2645 1006 2724; x_wconf 82' lang='lat' dir='ltr'><strong>atque</strong></span> <span class='ocrx_word' id='word_1_186' title='bbox 1023 2641 1117 2710; x_wconf 89' lang='lat' dir='ltr'><strong>omni</strong></span> <span class='ocrx_word' id='word_1_187' title='bbox 1205 2671 1206 2724; x_wconf 58' lang='lat'>3</span> 
     </span>
     <span class='ocr_line' id='line_1_29' title="bbox 149 2723 1206 2806; baseline -0.004 -18"><span class='ocrx_word' id='word_1_188' title='bbox 149 2723 379 2806; x_wconf 79' lang='lat' dir='ltr'><strong>consolationis</strong></span> <span class='ocrx_word' id='word_1_189' title='bbox 407 2723 502 2789; x_wconf 91' lang='lat' dir='ltr'><strong>modo</strong></span> <span class='ocrx_word' id='word_1_190' title='bbox 530 2725 660 2789; x_wconf 87' lang='lat' dir='ltr'><strong>tandem</strong></span> <span class='ocrx_word' id='word_1_191' title='bbox 685 2724 844 2788; x_wconf 84' lang='lat' dir='ltr'><strong>Achillem</strong></span> <span class='ocrx_word' id='word_1_192' title='bbox 871 2724 990 2790; x_wconf 87' lang='lat' dir='ltr'><strong>flexum</strong></span> <span class='ocrx_word' id='word_1_193' title='bbox 1011 2724 1116 2789; x_wconf 90' lang='lat' dir='ltr'><strong>humo</strong></span> <span class='ocrx_word' id='word_1_194' title='bbox 1205 2725 1206 2784; x_wconf 86' lang='lat' dir='ltr'><strong>l</strong></span> 
     </span>
     <span class='ocr_line' id='line_1_30' title="bbox 109 2785 1206 2978; baseline 0 -21"><span class='ocrx_word' id='word_1_195' title='bbox 109 2808 558 2978; x_wconf 53' lang='lat' dir='ltr'><strong>eructuante</strong></span> <span class='ocrx_word' id='word_1_196' title='bbox 580 2809 1119 2978; x_wconf 71' lang='lat' dir='ltr'><strong>rurrsuusrnutrt</strong></span> <span class='ocrx_word' id='word_1_197' title='bbox 1205 2785 1206 2830; x_wconf 64' lang='lat'><em>‘</em></span> 
     </span>
     <span class='ocr_line' id='line_1_31' title="bbox 147 2944 1125 3126; baseline -0.001 -83"><span class='ocrx_word' id='word_1_198' title='bbox 147 2979 251 3126; x_wconf 62' lang='lat' dir='ltr'>ff⁰di³</span> <span class='ocrx_word' id='word_1_199' title='bbox 284 2979 439 3060; x_wconf 88' lang='lat' dir='ltr'><strong>impressa</strong></span> <span class='ocrx_word' id='word_1_200' title='bbox 472 2978 559 3042; x_wconf 87' lang='lat' dir='ltr'><strong>haud</strong></span> <span class='ocrx_word' id='word_1_201' title='bbox 592 2979 661 3042; x_wconf 92' lang='lat' dir='ltr'><strong>sine</strong></span> <span class='ocrx_word' id='word_1_202' title='bbox 693 2999 811 3063; x_wconf 84' lang='lat' dir='ltr'><strong>magno</strong></span> <span class='ocrx_word' id='word_1_203' title='bbox 847 2944 970 3065; x_wconf 76' lang='lat' dir='ltr'><strong>giemitu</strong></span> <span class='ocrx_word' id='word_1_204' title='bbox 1006 2971 1125 3042; x_wconf 55' lang='lat' dir='ltr'><strong>cerness</strong></span> 
     </span>
     <span class='ocr_line' id='line_1_32' title="bbox 170 3066 275 3126; baseline -0.019 0"><span class='ocrx_word' id='word_1_205' title='bbox 170 3066 275 3126; x_wconf 87' lang='lat' dir='ltr'><strong>antur.</strong></span> 
     </span>
    </p>
   </div>
   <div class='ocr_carea' id='block_1_3' title="bbox 109 3145 1121 3316">
    <p class='ocr_par' dir='ltr' id='par_1_3' title="bbox 109 3145 1205 3404">
     <span class='ocr_line' id='line_1_33' title="bbox 233 3145 1120 3228; baseline 0.001 -18"><span class='ocrx_word' id='word_1_206' title='bbox 233 3146 306 3211; x_wconf 92' lang='lat' dir='ltr'>XII.</span> <span class='ocrx_word' id='word_1_207' title='bbox 350 3145 409 3210; x_wconf 90' lang='lat' dir='ltr'><strong>His</strong></span> <span class='ocrx_word' id='word_1_208' title='bbox 444 3147 524 3210; x_wconf 88' lang='lat' dir='ltr'><strong>actis</strong></span> <span class='ocrx_word' id='word_1_209' title='bbox 557 3149 682 3228; x_wconf 90' lang='lat' dir='ltr'><strong>monet,</strong></span> <span class='ocrx_word' id='word_1_210' title='bbox 722 3147 770 3210; x_wconf 90' lang='lat' dir='ltr'><strong>uti</strong></span> <span class='ocrx_word' id='word_1_211' title='bbox 804 3147 952 3211; x_wconf 86' lang='lat' dir='ltr'><strong>custodes</strong></span> <span class='ocrx_word' id='word_1_212' title='bbox 985 3147 1017 3211; x_wconf 85' lang='lat' dir='ltr'><strong>vi</strong></span> <span class='ocrx_word' id='word_1_213' title='bbox 1043 3147 1120 3211; x_wconf 90' lang='lat' dir='ltr'><strong>ilias</strong></span> 
     </span>
     <span class='ocr_line' id='line_1_34' title="bbox 109 3168 1121 3316; baseline 0.002 -22"><span class='ocrx_word' id='word_1_214' title='bbox 109 3248 135 3288; x_wconf 77' lang='lat'><strong>85</strong></span> <span class='ocrx_word' id='word_1_215' title='bbox 148 3252 243 3316; x_wconf 81' lang='lat' dir='ltr'><strong>agere</strong></span> <span class='ocrx_word' id='word_1_216' title='bbox 271 3235 433 3314; x_wconf 87' lang='lat' dir='ltr'><strong>curarent,</strong></span> <span class='ocrx_word' id='word_1_217' title='bbox 456 3253 497 3295; x_wconf 92' lang='lat' dir='ltr'><strong>ne</strong></span> <span class='ocrx_word' id='word_1_218' title='bbox 521 3252 585 3315; x_wconf 87' lang='lat' dir='ltr'><strong>qua</strong></span> <span class='ocrx_word' id='word_1_219' title='bbox 613 3231 721 3295; x_wconf 88' lang='lat' dir='ltr'><strong>hostes</strong></span> <span class='ocrx_word' id='word_1_220' title='bbox 744 3230 880 3296; x_wconf 87' lang='lat' dir='ltr'><strong>detentis</strong></span> <span class='ocrx_word' id='word_1_221' title='bbox 903 3232 987 3296; x_wconf 91' lang='lat' dir='ltr'><strong>circa</strong></span> <span class='ocrx_word' id='word_1_222' title='bbox 1016 3168 1121 3296; x_wconf 61' lang='lat' dir='ltr'><strong>hunus</strong></span> 
     </span>
    </p>
   </div>
   <div class='ocr_carea' id='block_1_4' title="bbox 150 3457 1204 3618">
    <p class='ocr_par' dir='ltr' id='par_1_4' title="bbox 150 3457 1204 3618">
     <span class='ocr_line' id='line_1_35' title="bbox 218 3457 1204 3550; baseline 0.004 -16"><span class='ocrx_word' id='word_1_223' title='bbox 218 3486 518 3536; x_wconf 69' lang='lat' dir='ltr'><strong>rheumatismos</strong></span> <span class='ocrx_word' id='word_1_224' title='bbox 587 3484 836 3550; x_wconf 67' lang='lat' dir='ltr'><strong>sprompuorr!</strong></span> <span class='ocrx_word' id='word_1_225' title='bbox 857 3487 1013 3538; x_wconf 69' lang='lat' dir='ltr'><strong>eurormc</strong></span> <span class='ocrx_word' id='word_1_226' title='bbox 1086 3489 1122 3538; x_wconf 83' lang='lat' dir='ltr'><strong>rs</strong></span> <span class='ocrx_word' id='word_1_227' title='bbox 1203 3457 1204 3546; x_wconf 70' lang='lat' dir='ltr'>J</span> 
     </span>
     <span class='ocr_line' id='line_1_36' title="bbox 150 3553 807 3618; baseline 0.003 -16"><span class='ocrx_word' id='word_1_228' title='bbox 150 3567 253 3604; x_wconf 85' lang='lat' dir='ltr'><strong>summo</strong></span> <span class='ocrx_word' id='word_1_229' title='bbox 274 3569 320 3603; x_wconf 82' lang='lat' dir='ltr'><strong>cnr.</strong></span> <span class='ocrx_word' id='word_1_230' title='bbox 342 3553 388 3602; x_wconf 82' lang='lat' dir='ltr'><strong>GB</strong></span> <span class='ocrx_word' id='word_1_231' title='bbox 404 3553 479 3604; x_wconf 77' lang='lat' dir='ltr'><strong>tabet</strong></span> <span class='ocrx_word' id='word_1_232' title='bbox 497 3554 523 3602; x_wconf 91' lang='lat' dir='ltr'><em>P</em></span> <span class='ocrx_word' id='word_1_233' title='bbox 588 3556 622 3604; x_wconf 84' lang='lat'><strong>20</strong></span> <span class='ocrx_word' id='word_1_234' title='bbox 640 3555 757 3618; x_wconf 88' lang='lat' dir='ltr'><strong>suplicio</strong></span> <span class='ocrx_word' id='word_1_235' title='bbox 777 3555 807 3604; x_wconf 84' lang='lat' dir='ltr'><strong>G.</strong></span> 
     </span>
    </p>
   </div>
   <div class='ocr_carea' id='block_1_5' title="bbox 0 0 1215 3944">
    <p class='ocr_par' dir='ltr' id='par_1_5' title="bbox 0 0 1215 3944">
     <span class='ocr_line' id='line_1_37' title="bbox 0 0 1215 3944; baseline 0 0"><span class='ocrx_word' id='word_1_236' title='bbox 0 0 1215 3944; x_wconf 95' lang='lat' dir='ltr'><strong> </strong></span> 
     </span>
    </p>
   </div>
  </div>
 </body>
</html>
