2416 3944
349 203 462 254 unam
479 203 629 254 moram
648 204 718 255 me,
738 206 774 256 11.
1006 207 1045 270 19
1071 164 1073 170 ,

69 350 284 434 moravimus‚
307 373 497 437 congressus
520 374 591 418 eum
608 353 751 439 Telepho
774 355 919 438 ictusque
942 359 982 420 ab
1006 379 1043 422 eo

69 437 160 500 cadit
181 436 294 500 multis
315 441 424 502 tamen
438 437 581 502 hostium
603 443 678 504 ante
699 439 892 504 interfectis:
916 441 950 504 in
972 443 1043 525 quis

70 521 211 605 Telephi
242 522 405 606 comitem,
436 544 532 606 quem
558 545 614 587 rex
644 525 685 589 ob
712 523 904 589 industriam
927 526 1043 590 virium

71 611 171 690 atque
194 606 319 692 ingenii
340 607 426 672 inter
448 607 543 672 duces
564 608 719 690 habebat,
742 612 870 673 strenue
893 609 1044 674 dimican-

70 696 140 756 tem
156 691 419 756 obtruncaverat:
435 697 531 776 atque
553 693 599 756 ita
613 693 769 776 paulatim
784 694 887 759 elatus
902 694 1069 759 secundos

70 777 152 840 belli
175 781 293 842 eventu
316 781 348 841 et
376 777 417 841 ob
445 776 478 840 id
500 778 622 842 maiora
649 779 772 842 viribus
800 779 967 864 adgressus
995 780 1044 844 in-

69 861 242 926 terficitur.
293 865 388 945 atque
417 863 486 927 eius
514 866 682 926 cruentum
700 883 831 946 =corpus
859 863 1044 946 Diomedes,
1151 930 1154 938 ,

70 945 162 1029 quod
184 947 301 1011 eiiam
324 951 393 1010 tum
416 948 643 1030 aparentibus
665 952 815 1032 coeptum
837 969 910 1012 cum
933 969 971 1014 eo
994 970 1043 1012 so·

70 1031 201 1096 ciet-atis
223 1032 272 1096 ius
294 1033 535 1116 perseverabat,
558 1033 676 1097 umeris
700 1032 831 1096 extulit:
854 1030 950 1116 idque
972 1033 1042 1130 igni

70 1121 266 1200 crematum,
297 1117 384 1200 quod
411 1117 628 1201 superfuerat,
656 1118 761 1200 patrio
789 1138 878 1182 more
906 1118 1082 1201 sepel1it.10

160 1199 219 1265 III.
263 1203 309 1265 At
344 1202 399 1265 ubi
432 1202 684 1266 animadvertere
719 1201 862 1266 Achilles
895 1205 927 1266 et
959 1203 1044 1266 Aiax

71 1285 283 1368 Telamonius
298 1307 417 1371 magno
441 1308 570 1351 suorum
585 1287 777 1350 detrimento
802 1290 952 1350 eventum
966 1286 1044 1350 belli

68 1370 175 1453 trahi,
206 1372 379 1435 exercitum
406 1371 441 1434 in
464 1371 541 1435 duas
570 1375 677 1454 partes
700 1371 902 1453 dispertiunt,
925 1390 962 1434 ao
983 1391 1042 1452 pro

68 1460 219 1538 tempore
247 1456 406 1519 cohortati
434 1477 508 1521 suos
536 1459 701 1538 tamquam
715 1454 901 1524 restauratis
919 1454 1041 1519 viribus

69 1540 177 1603 acrius
200 1539 309 1603 hostes
330 1540 516 1604 incurrunt:
544 1540 607 1623 ipsi
634 1538 731 1604 duces
757 1539 918 1623 principes
941 1543 1079 1606 certa-15

69 1623 186 1706 minis,
224 1644 298 1687 cum
327 1625 424 1690 modo
457 1625 703 1709 insequerentur
735 1624 911 1710 fugientes,
945 1624 1041 1688 modo

70 1708 300 1792 ingruentibus
321 1713 423 1773 semet
448 1710 551 1773 instar
578 1709 662 1773 muri
691 1714 900 1792 opponerent.
946 1712 1042 1791 atque

69 1794 118 1856 ita
133 1794 223 1856 omni
238 1792 334 1858 modo
354 1794 452 1876 primi
466 1797 523 1858 aut
537 1793 622 1858 inter
636 1793 757 1876 primos
772 1792 929 1857 bellantes
951 1813 1041 1876 prae·

69 1878 191 1940 claram
219 1878 283 1942 iam
312 1882 381 1942 tum
408 1878 538 1942 virtutis
568 1899 643 1942 suae
671 1877 791 1942 famam
821 1877 906 1959 apud
933 1876 1041 1940 hostes

70 1968 168 2045 atque
204 1961 291 2026 inter
325 1984 401 2027 suos
444 1961 585 2026 effecere.
648 1963 779 2025 interim
814 1960 1041 2044 Teuthranius‚
1054 1987 1079 2026 20

70 2046 271 2110 Teuthrante
294 2049 327 2110 et
342 2048 436 2130 Auge
451 2047 590 2130 genitus,
612 2046 712 2110 frater
727 2043 862 2127 Telephi
884 2045 1040 2127 uterinae,

70 2131 126 2193 ubi
149 2130 378 2194 animadvertit
391 2131 523 2194 Aiacem
545 2133 637 2195 tanta
651 2129 819 2193 adversum
841 2149 916 2192 suos
937 2128 1041 2212 gloria

70 2215 295 2298 ulmieantcm,
321 2235 458 2298 propere
486 2215 526 2278 ad
554 2235 627 2278 eum
649 2213 810 2279 convertit
831 2212 939 2361 ibique
961 2233 1041 2298 pug-

69 2298 179 2364 nando
202 2300 285 2363 ictus
307 2299 372 2363 telo
395 2300 463 2363 eius
486 2299 645 2364 occubuit.
691 2299 759 2362 eius
781 2317 857 2361 casu
908 2297 1040 2380 elephus

69 2407 138 2448 non
175 2382 378 2448 mediocriter
419 2384 584 2467 perculsus
620 2383 841 2466 ultionemque
877 2381 1037 2446 fraternae
1051 2407 1076 2445 25

69 2468 185 2533 mortis
218 2473 369 2552 expetens
401 2468 539 2532 infestus
571 2468 672 2532 aciem
704 2467 829 2530 invadit
862 2488 881 2530 a
918 2489 958 2531 ue
994 2467 1039 2529 ibi

68 2553 193 2638 fugatis
215 2574 295 2635 quos
317 2551 485 2618 adversum
506 2553 604 2635 ierat,
632 2573 705 2616 cum
728 2551 888 2615 obstinate
943 2550 1039 2614 lixem

69 2640 156 2702 inter
178 2637 303 2721 vineas,
326 2659 408 2720 quae
430 2638 460 2701 ei
481 2637 553 2701 loco
577 2634 745 2700 adiunctae
769 2638 870 2716 erant,
893 2635 1039 2718 inseque-

69 2727 170 2804 retur,
192 2721 396 2804 praepeditus
418 2725 532 2786 trunco
548 2721 623 2786 vitis
645 2721 719 2784 ruit.
763 2720 796 2783 id
817 2719 874 2783 ubi
895 2719 1039 2784 Achilles

68 2806 183 2890 procul
198 2805 434 2889 animadvertit,
456 2806 557 2870 telum
579 2806 735 2870 iaculatus
750 2803 855 2868 femur
872 2805 1038 2870 sinistrum
1052 2831 1076 2869 ao

69 2892 139 2976 regi
160 2891 332 2976 transfigit.
380 2894 414 2954 at
436 2889 596 2974 Telephus
625 2890 752 2974 inpigre
779 2889 949 2972 resurgens
977 2889 1038 2951 fer-

69 2997 141 3039 rum
164 2997 203 3039 ex
226 2996 358 3058 corpore
381 2973 522 3039 extrahit
548 2977 581 3038 et
601 2977 765 3057 protectus
788 2993 944 3036 concursu
967 2995 1038 3038 suo.

69 3082 140 3124 rum
163 3061 203 3122 ab
226 3059 361 3124 instanti
382 3059 524 3142 pernicie
545 3058 700 3122 liberatus
723 3061 779 3121 est.

72 3174 274 3181 ——..-.--—

136 3214 179 3265 111
198 3215 292 3264 Tzetz.
311 3213 455 3265 Antehom.
474 3213 524 3263 265
546 3228 623 3277 seqq.
644 3212 750 3263 Auctor
772 3211 829 3262 τῶν
849 3209 984 3277 Τρωϊκῶν
1007 3211 1036 3260 in

70 3283 99 3332 B.
117 3281 173 3332 Uff.
191 3279 322 3334 XXXIII.

70 3377 226 3386 -.....-..--—

138 3418 170 3467 15
187 3377 276 3480 ipsius
295 3414 343 3466 ΕΒ
411 3417 442 3465 21
461 3415 641 3466 theuthranto
656 3414 702 3464 GB
739 3413 814 3478 allge
834 3413 881 3465 GB
915 3414 993 3477 Auge
1013 3413 1039 3462 V

70 3485 102 3536 25
123 3483 311 3548 ulcionemque
336 3481 383 3533 (ΞΒ
452 3485 484 3534 29
503 3482 671 3548 praeteritus
695 3485 716 3536 G
739 3483 765 3530 in
786 3497 866 3544 marp.
891 3484 914 3532 1.
933 3497 964 3530 m.
990 3479 1036 3528 uel

71 3551 248 3617 praepetibus
282 3549 328 3601 uel
346 3552 527 3616 praepeditus
544 3549 568 3599 B
643 3551 675 3600 33
693 3549 834 3613 perniciae
855 3547 877 3597 G

840 3631 880 3686 2*
