2460 3940
352 205 464 257 anani
481 205 631 258 sacrum
648 207 720 258 nra.
740 207 788 258 vr.
997 205 1057 270 107

88 356 786 524 tetiettitildtilattdttttd
804 357 1057 506 dissilit

88 545 196 608 neque
218 523 321 589 multo
343 529 420 608 post
438 525 587 608 precibus
609 464 705 610 dlque
727 462 859 590 horldatu
881 524 986 590 Ulixis
1002 527 1058 590 Al-

89 609 178 674 cinoi
210 609 277 674 filia
302 608 444 674 Nausica
470 606 660 674 Telemacho
695 609 837 676 denubit.
887 632 945 694 per
972 609 1058 676 idem

88 697 218 776 tempus
239 693 430 760 Idomeneus
456 694 521 758 dux
539 699 649 760 noster
671 693 756 779 apud
777 692 907 760 Cretam
934 695 1083 760 interlita

89 777 211 844 tradito
234 799 292 862 per
319 779 552 845 successionem
574 779 714 844 Merioni
741 799 858 864 regno:
888 783 920 844 et
941 777 1058 844 La'e'rta

89 863 233 928 triennio
256 866 332 947 post
353 885 450 947 quarn
470 864 556 928 filius
578 863 708 930 domum
731 864 829 946 redit,
852 865 950 929 finem
972 864 1057 930 vitae

89 947 179 1012 fecit.
223 947 416 1012 Telemacho
444 970 483 1011 ex
503 947 644 1014 Nausioa
669 952 783 1013 natum
815 949 918 1016 filium
947 947 1058 1014 Ulixes

90 1031 333 1116 Ptoliporthum
354 1031 506 1116 appellat.

178 1115 251 1182 VII.
295 1115 383 1182 Dum
409 1117 488 1182 haec
521 1117 606 1202 apud
631 1116 777 1184 Ithacam
811 1121 966 1202 aguntur,
994 1117 1058 1182 Ne·
1072 1137 1098 1177 ro
1149 1133 1156 1153 e
1221 1199 1222 1202 Ἴ

91 1201 274 1284 optolemus
296 1201 382 1286 apud
401 1201 560 1268 Molossos
582 1223 679 1266 naves
702 1206 866 1286 quassatas
888 1205 1060 1285 tempesta-

91 1287 180 1352 tibus
206 1285 324 1350 reficit:
361 1290 457 1370 atque
488 1286 578 1370 inde,
613 1290 784 1370 postquam
819 1287 985 1371 cognitum
1018 1286 1059 1350 ab
1180 1366 1183 1371 Ι

91 1373 212 1436 Acasto
235 1370 403 1454 expulsum
425 1391 525 1457 regno
541 1371 647 1453 Pelea,
670 1371 774 1436 ultum
795 1371 835 1434 iri
857 1369 991 1435 iniurias
1006 1370 1060 1434 avi

92 1455 226 1538 cupiens
252 1456 358 1539 primo
386 1454 587 1539 exploratum
613 1455 693 1520 duos
715 1477 812 1539 quam
833 1453 1003 1519 fidissimos
1027 1457 1059 1518 et

92 1539 479 1690 qffiaqtffiqnffliqq
493 1539 728 1690 fhddppib
747 1538 1057 1689 tithebi*
1071 1556 1097 1598 ¹⁶

92 1709 225 1792 diesque
251 1709 280 1773 ei
307 1646 435 1806 persidi
467 1648 556 1794 pel111
546 1647 701 1778 Acabtdni
736 1644 776 1773 ab
799 1673 963 1774 Assandrd
991 1729 1060 1772 non

92 1793 200 1858 alieno
233 1793 323 1858 Pelei
365 1798 573 1879 cognoscunt.
638 1794 665 1858 is
703 1815 842 1877 namque
878 1791 1059 1856 Assandrus

93 1877 300 1961 iniquitatem
342 1879 473 1962 tyranni
520 1880 660 1961 evitans,
716 1878 812 1942 Peleo
855 1879 1060 1941 consenserat

92 1966 254 2060 notusque
273 1961 367 2060 ,adeo
403 1963 471 2060 eius
500 1963 628 2045 domus,
661 1962 717 2060 ,uti
751 1962 836 2026 inter
865 1965 971 2057 cetera
998 1961 1098 2058 ori-co

93 2044 951 2217 ealarcersiendumcalicis.
985 2044 1060 2226 it

92 2219 284 2300 tempestate
306 2217 400 2283 multi
416 2216 558 2300 undique
579 2237 671 2302 reges
693 2215 787 2280 acciti
802 2215 932 2280 domum
948 2211 1060 2280 Chiro·

92 2301 146 2365 nis
173 2301 259 2366 inter
288 2301 373 2385 ipsas
401 2301 512 2384 epulas
540 2323 659 2367 novam
687 2303 822 2383 nuptam
843 2298 969 2384 magnis
991 2298 1059 2363 lan·

94 2385 189 2450 dibus
225 2385 325 2450 veluti
369 2387 461 2450 deam
497 2384 751 2468 celebraverant,
788 2387 955 2468 parentem
991 2383 1058 2448 eius
1072 2399 1098 2441 2⁵

95 2469 239 2536 Chirona
265 2471 464 2554 appellantes
491 2469 598 2536 Nerea
630 2471 796 2554 ipsamque
817 2467 1005 2534 Nereidum:
1029 2471 1062 2532 et

94 2558 133 2618 ut
155 2554 290 2638 quisque
311 2576 423 2621 eorum
444 2577 566 2642 regum,
590 2555 646 2639 qui
667 2553 816 2618 convivio
838 2553 1061 2636 interfuerant,

95 2639 196 2704 choro
217 2639 419 2724 modulisque
441 2641 620 2707 carminum
642 2637 873 2724 praevaluerat,
896 2638 942 2702 ita
962 2636 1062 2720 Apol·
1179 2693 1182 2704 .

95 2723 196 2788 linem
210 2723 437 2808 Liberumque,
452 2746 491 2788 ex
505 2725 635 2788 feminis
650 2723 804 2807 plurimas
820 2721 932 2816 Musas
942 2743 981 2786 co
1029 2742 1062 2785 o·

95 2807 315 2874 minaverant:
349 2808 434 2874 unde
467 2811 508 2874 ad
539 2809 572 2874 id
603 2813 730 2892 tempus
753 2806 945 2888 [convivium
979 2806 991 2868 i
1017 2804 1061 2869 ud
1074 2822 1100 2862 ω

96 2893 231 2957 deorum
252 2893 459 2976 appellatum.
607 2969 610 2974 ,

182 2977 272 3042 VIII.
315 2977 429 3064 Itaque
458 2979 514 3043 ubi
541 2982 671 3060 cuncta,
701 2995 782 3059 quae
804 2974 988 3056 voluerant,
1011 2993 1063 3038 co-

95 3082 254 3147 gnorare,
278 3061 318 3126 ad
338 3084 448 3149 regem
470 3063 606 3128 redeunt
627 3066 660 3127 et
688 3059 816 3145 singula
837 3079 895 3143 per
917 3057 1063 3123 ordinem

96 3151 255 3212 narrant·
280 3147 321 3213 ob
343 3170 425 3233 quae
440 3152 568 3214 coaetus
583 3145 815 3229 Neoptolemus
833 3143 966 3208 adverso
981 3141 1063 3206 mari

96 3234 131 3295 et
152 3231 263 3296 multis
284 3233 426 3317 regionis
449 3233 516 3298 eius
538 3231 785 3316 prohibentibus
813 3226 946 3293 classem
972 3243 1101 3291 exon-ea

166 3490 199 3537 13
217 3488 258 3538 ire
277 3488 331 3537 PV
397 3491 429 3540 19
449 3489 560 3539 euitans
578 3487 614 3537 ad
633 3501 728 3552 agrum
745 3484 825 3536 Pelei
845 3487 1023 3536 concesserat
1041 3483 1067 3530 P

94 3555 129 3604 29
149 3557 379 3621 cogminauerunt
397 3556 428 3608 G.
