2416 3944
176 199 217 262 26
489 196 618 250 morus
637 195 840 248 caurensls

176 350 263 413 luere
278 350 475 431 paterentur.
511 347 572 411 hoc
583 346 678 412 modo
693 367 752 429 per
763 346 1003 410 miserationem
1017 351 1141 410 servata

175 433 298 499 civitas.
343 435 484 496 ceterum
511 453 527 495 r
571 431 617 496 'os
643 452 760 514 pueros
782 429 887 496 Cobin
914 433 946 493 et
967 428 1140 494 Coriannm

176 538 350 600 eorumque
372 537 515 582 sororem
530 514 559 580 G
572 537 674 580 aucen
688 515 911 599 expetentibus
927 513 1059 579 Graecis
1082 521 1141 579 tra-

176 601 298 668 dideret
326 623 423 685 quam
450 599 556 666 nostri
577 601 670 665 Aiaci
698 601 740 664 ob
767 599 866 664 fortia
892 598 978 664 facta
1000 599 1071 664 eius
1094 621 1141 663 ex·

151 689 302 770 coeptam
317 685 458 769 reliquae
473 684 609 768 praedae
624 682 805 749 habendam
820 681 1011 749 concedunt.
1038 705 1140 767 neque

175 771 278 836 multo
307 773 381 856 post
404 774 634 834 Neandrienses
656 768 815 852 supplices
847 771 881 832 ct
908 789 980 832 cnm
1002 789 1084 850 pace
1106 767 1140 831 ad

176 854 316 920 Graecos
345 854 542 920 conveniunt
569 853 743 918 amicitiam
773 857 805 918 et
827 853 951 932 omnia,
981 873 1066 935 quae
1089 853 1141 916 im·

199 941 389 1022 oravissent,
412 938 554 1004 facturos
575 938 722 1022 polliciti.
761 938 833 1021 quis
855 937 1006 1020 perfectis
1030 938 1141 1002 Graeci

175 963 294 1089 1dillam
315 1044 357 1108 13
397 1023 458 1088 essi
473 1043 707 1107 expugnavere.
740 1043 845 1106 neque
859 1027 968 1086 tamen
984 1020 1140 1102 Coronen,

138 1127 164 1168 11
176 1129 259 1191 quae
287 1044 396 1171 hands
399 1107 514 1191 procul
542 1109 667 1190 aberat,
697 1107 906 1192 contingunt,
941 1107 976 1170 in
1006 1107 1141 1191 gratiam

176 1191 425 1275 Neandriorum,
449 1192 504 1289 qui
527 1191 649 1257 domini
671 1192 811 1256 civitatis
834 1191 901 1255 eius
915 1191 1026 1254 fideles
1049 1195 1141 1274 atque

178 1275 363 1342 amicissimi
384 1277 479 1341 nobrs
501 1276 541 1340 ad
563 1276 626 1341 hoc
647 1280 773 1360 tempus
794 1280 1048 1359 permanserant

260 1361 348 1426 XIV.
384 1360 506 1428 Eadem
527 1365 594 1426 tem
618 1364 717 1426 estate
740 1361 906 1425 oraculum
921 1359 1032 1443 Pythii
1047 1359 1140 1424 Grae-

178 1446 223 1509 cis
245 1446 406 1528 perfertur
420 1444 582 1511 conceden
605 1467 660 1510 um
675 1446 715 1510 ab
736 1445 895 1526 omnibus,
918 1445 966 1508 uti
981 1465 1041 1528 per
1054 1444 1140 1508 Pala·
1187 1515 1188 1544 ,

139 1549 164 1591 rs
177 1530 292 1594 medan
299 1530 447 1612 Apollini
456 1529 619 1596 Zminthio
631 1530 821 1594 sacrificium
832 1528 1052 1594 exhiberetur:
1064 1549 1141 1613 quae

177 1635 227 1677 res
249 1613 359 1677 multis
381 1617 473 1697 grata
488 1614 529 1678 ob
552 1613 743 1679 industriam
758 1618 791 1678 et
805 1635 949 1678 amorem
962 1613 1034 1697 viri,
1050 1635 1140 1697 quern

176 1699 415 1846 (11111110ιὲ11ωῂ
433 1698 607 1847 exerpptum
629 1699 815 1846 exhibelbpit,
838 1697 1006 1846 nonpullis
1026 1698 1141 1846 dipiclpm

197 1804 280 1847 corr
322 1803 422 1846 uera.
468 1803 503 1846 ce
537 1805 609 1848 rum
637 1804 768 1848 immoa
796 1804 814 1847 o
842 1803 903 1846 een
919 1805 972 1846 um
1002 1804 1054 1847 vro
1114 1803 1141 1844 a·

138 1865 610 2035 111111111ῗῖξίἶὲἑίῗέ
632 1870 1141 2036 ὃὶἳξὲὲἷὲοῑῗὲἱίᾝξῗὲἓὶῖῗ

176 2037 307 2102 interim
329 2057 363 2101 re
386 2036 517 2122 cognita
532 2037 714 2100 Alexander
736 2041 932 2120 congregata
948 2039 1142 2100 armatorum

175 2143 273 2187 manu
295 2121 335 2185 ad
357 2119 593 2205 prohibendum
608 2121 714 2186 venit:
736 2141 809 2184 enm
824 2119 889 2184 duo
904 2120 1028 2203 Aiaces,
1044 2121 1141 2204 prins-

176 2229 274 2289 quam
296 2205 336 2268 ad
357 2206 513 2288 templum
536 2206 824 2289 adpropinquaret,
847 2204 1025 2269 interfectis
1071 2203 1142 2267 luri·

175 2290 236 2352 mis
256 2289 418 2373 fugavere.
463 2289 518 2353 sed
534 2288 680 2372 Chryses,
703 2311 798 2372 quem
819 2288 1018 2353 sacerdotem
1040 2228 1142 2352 thain-

138 2391 164 2433 11
176 2373 238 2437 thii
270 2372 432 2456 Apollinis
465 2394 562 2457 supra
595 2373 748 2452 diximus,
787 2373 954 2456 utriusque
987 2374 1142 2438 exercitus

177 2457 331 2523 offensam
359 2460 521 2541 metuens,
552 2459 687 2541 quisque
714 2459 855 2541 partium
885 2456 926 2521 ad
953 2479 1027 2522 eum
1050 2479 1141 2522 vene-

176 2548 241 2626 rat,
265 2564 338 2607 cum
359 2539 410 2604 his
433 2563 466 2606 se
489 2542 676 2607 adiunctum
698 2563 766 2607 esse
788 2539 970 2606 simulabat.
1016 2543 1143 2607 interim

88 2677 90 2682 .
176 2627 212 2691 in
234 2647 272 2692 eo
288 2626 443 2691 sacrificio
459 2625 642 2691 Philocteta
663 2626 749 2690 haud
763 2627 876 2711 procul
898 2626 939 2690 ab
957 2648 1012 2690 ara
1033 2625 1142 2709 templi
1185 2633 1186 2690 l

175 2711 243 2775 eius
265 2710 394 2775 adstans
422 2733 531 2776 morsu
553 2713 710 2794 serpentis
732 2711 816 2775 forte
832 2711 1049 2794 contingitur:
1074 2710 1143 2774 dein

137 2815 163 2856 so
176 2797 216 2861 ab
245 2796 394 2862 omnibus
430 2796 486 2880 qui
518 2795 813 2860 animadverterant
845 2795 984 2860 clamore
1018 2796 1142 2860 sublato

176 2879 288 2947 Ulixes
316 2902 485 2946 accurrens
513 2883 693 2964 serpentem
720 2880 886 2944 interficit:
915 2901 1021 2962 neque
1043 2880 1142 2944 multo

176 2970 251 3062 post
270 2965 453 3032 Philocteta
474 2987 548 3030 cum
569 2965 689 3049 paucis,
711 2965 760 3028 nti
782 2967 963 3045 curaretur,
987 2963 1143 3029 Lemnum

174 3050 315 3114 rnsulam
329 3051 479 3130 mittitur,
499 3070 638 3132 namque
659 3049 695 3112 in
716 3071 754 3113 ea
777 3069 866 3113 sacra
882 3047 1030 3113 Vulcano
1059 3053 1143 3113 ante·

176 3133 266 3198 stites
300 3133 352 3197 dei
384 3133 567 3197 inhabitare
602 3134 643 3197 ab
678 3134 794 3198 accolis
828 3132 994 3198 dicebatur
1034 3133 1143 3198 solitos
1184 3205 1185 3208 Ἴ

138 3235 163 3276 aa
176 3217 296 3282 mederi
317 3216 467 3282 adversus
489 3237 615 3282 venena
636 3215 830 3282 huiusmodi.

243 3357 259 3404 5
277 3355 378 3420 predas
400 3355 448 3406 OB
508 3355 524 3404 6
543 3358 732 3408 mentorcnses
752 3355 799 3405 GB
814 3351 819 3420 l
834 3355 956 3420 suplices
977 3355 998 3406 G
1069 3357 1141 3404 711-

175 3436 269 3472 ronem
294 3421 340 3470 013
413 3425 429 3472 9
452 3421 653 3472 meandriorum
677 3420 737 3481 GB,
767 3423 919 3473 Perizonius
948 3421 1141 3472 Neandriornm

178 3489 209 3537 15
228 3487 361 3537 zminthio
379 3492 417 3536 sic
437 3488 484 3536 GB
546 3491 579 3537 24
597 3487 728 3537 Zminthii
747 3488 794 3538 GB
846 3490 878 3540 26
897 3490 1062 3553 utquisque
1084 3491 1140 3538 Via·

177 3555 276 3616 direptus
288 3553 391 3615 frustra
402 3556 481 3603 locam
495 3560 619 3617 temptans
653 3556 687 3604 34
699 3554 892 3606 deinhebitarc
906 3556 928 3605 G
944 3555 1103 3606 inhabitare
1113 3556 1142 3605 B.
