2424 3938
292 239 340 294 ou
358 237 508 294 uxorum
528 237 663 294 uaomn
681 195 863 296 mamam
1028 239 1070 304 51

79 385 162 451 eitui
185 387 224 448 ut
246 383 353 448 denuit
375 383 497 466 divisit,
529 382 590 446 diis
613 383 734 468 gratias
758 383 838 468 egit,
865 382 989 449 hostias
1013 385 1071 450 im·

79 473 227 538 molavit.
269 472 383 557 quinta
406 471 456 535 die
481 471 611 536 domum
633 472 750 536 reverti
773 472 983 536 constituunt.

172 560 291 626 XLIII.
318 559 365 624 Ut
384 560 451 624 dies
469 559 678 643 profectionis
698 560 841 644 advenit,
863 563 1071 644 tempestates

79 671 223 735 magnae
242 653 370 714 exortae
390 645 518 712 suntet
534 669 592 731 per
610 648 734 733 aliquot
751 648 819 713 dies
838 655 1071 716 remansenmt.

80 738 221 804 Oalohas
256 737 424 822 respondit
463 737 575 800 inferia
613 737 691 801 satis
732 737 854 802 foetum
888 759 956 804 non
993 759 1120 805 essee·

79 827 298 910 Neoptolemo
320 827 356 890 in
374 829 515 890 mentem
538 825 628 889 venit
645 824 843 910 Polyxenam
865 826 955 890 ouius
974 847 1084 899 oausa-

80 919 177 999 pater
213 915 281 978 eiua
312 915 466 998 perierat,
501 913 536 977 in
571 914 662 999 regia
691 935 759 979 non
790 935 861 979 osae
897 911 1070 981 inventam.

79 1007 362 1090 Agamemnonem
376 1003 482 1086 poscit
495 1003 714 1086 conquerituu,¹
737 1003 911 1068 exereitum
933 1008 1070 1087 aeousat,

79 1093 284 1157 Antenorem
303 1091 450 1156 accersiri
474 1091 565 1154 iubet
590 1091 791 1176 imperatque
810 1092 853 1176 ei,
870 1096 908 1155 ut
924 1092 1071 1178 inquirat

81 1203 156 1246 eam
174 1181 403 1264 inventamque
418 1179 458 1244 ad
473 1201 506 1243 se
521 1179 667 1244 adducat.
698 1179 846 1245 Antenor
866 1181 906 1244 ad
924 1181 1069 1246 Aeneam
1083 1209 1109 1248 ιο

80 1269 174 1333 venit
205 1271 238 1332 et
269 1269 454 1353 diligentius
489 1269 627 1353 quaerit,
658 1272 708 1352 ut,
738 1269 926 1353 priusquam
955 1269 1069 1354 Argivi

80 1357 342 1442 proficiscantur,
374 1357 539 1441 Polyxena
568 1357 807 1441 Agamemnoni
837 1361 1068 1440 praesentetur.

81 1447 283 1530 Polyxenam
316 1442 356 1510 ab
384 1446 429 1510 eis
456 1446 646 1510 absconsam
673 1446 810 1528 invenit,
833 1445 873 1509 ad
896 1444 1068 1529 Agamem-

80 1555 204 1600 nonem
233 1534 376 1598 adduoit:
409 1534 637 1619 Agamemnon
658 1531 873 1617 Neoptolemo
900 1533 1013 1618 tradit,
1040 1535 1069 1598 ia

80 1645 155 1687 eam
180 1623 221 1686 ad
242 1624 403 1686 tumulum
425 1623 527 1706 patria
550 1623 684 1707 iugulat.
717 1622 945 1707 Agamemnon
966 1622 1067 1686 iratus
1083 1651 1112 1690 ra

80 1712 213 1776 Aeneae
245 1711 331 1796 quod
353 1711 550 1796 Polyxenam
573 1711 785 1776 absconderat
812 1733 885 1775 eum
907 1732 983 1805 'cum
1003 1711 1069 1775 suis

81 1800 233 1883 protinus
257 1799 296 1863 de
318 1800 425 1882 patria
447 1799 597 1864 exoedere
619 1800 718 1865 iubet.
756 1799 883 1864 Aeneas
906 1821 979 1864 oum
1003 1800 1069 1864 suis

81 1888 235 1953 omnibus
262 1887 482 1971 proficiscitur.
536 1889 763 1974 Agamemnon
793 1892 966 1972 postquam
996 1909 1068 1970 pro-

79 1977 186 2040 fectus
214 1979 276 2060 eat,
303 1975 430 2041 Helena
456 1981 532 2060 post
562 1978 685 2061 aliquot
713 1976 779 2040 dies
813 1979 937 2040 maesta
964 1975 1069 2059 magis

79 2065 1114 2219 dtrtlffldllttttdoletatuli-{telum2⁰s

157 2441 170 2486 1
194 2437 228 2487 ut
250 2413 356 2503 denuit]
377 2432 533 2502 aequaliter
556 2432 582 2487 G
603 2436 606 2500 Ι
627 2431 721 2490 cuncti
747 2448 812 2489 eum
839 2434 1072 2494 collaudaueruut

80 2505 149 2558 add.
165 2504 191 2558 G
204 2510 269 2572 poet
287 2503 386 2558 divisit
401 2506 404 2570 Ι
421 2503 529 2574 gratiae
547 2505 607 2574 egit
625 2521 675 2559 om.
695 2503 721 2558 G
741 2504 745 2576 Ι
767 2505 939 2579 immolauit]
954 2510 984 2563 et
1001 2512 1071 2564 uota

80 2575 199 2630 soluunt
212 2575 238 2629 G
301 2577 361 2629 Aet
378 2573 479 2642 quinta
496 2575 541 2628 die
559 2574 686 2630 uniuersi
703 2577 880 2633 constituunt
894 2578 921 2631 L
957 2580 1070 2648 quando

79 2645 206 2700 debeant
246 2645 361 2699 domum
400 2644 505 2699 reuerti
536 2646 712 2701 constituunt
742 2646 769 2701 G
864 2655 880 2702 3
915 2651 1070 2720 tempestas

79 2731 188 2840 mqgrba
211 2718 309 2770 exorta
331 2714 424 2840 estteg
495 2721 511 2768 5
536 2715 654 2797 Ghaloae
670 2733 712 2840 (qn
734 2719 853 2840 augariio
872 2718 898 2773 G
914 2722 918 2787 Ι
935 2737 991 2801 non
1009 2737 1070 2776 esse

78 2803 114 2910 isid
130 2828 156 2910 ¹r.
182 2856 209 2911 G
254 2788 788 2924 6dneddnquiriturlIerulilllllieatlddon
829 2790 1069 2932 9srqqegarqirqeqleq

78 2927 206 3008 imperat
228 2927 255 2981 G
275 2930 278 2997 Ι
298 2927 444 3008 perquirat
466 2925 546 2980 illam
569 2927 595 2981 G
634 2927 824 2996 inquaeaitam
846 2929 885 2998 L,
908 2932 1008 3000 serapii
1028 2931 1069 2985 in-

78 3000 178 3122 ςωᾶαὺ
191 3014 253 3052 eam
326 2999 574 3122 ¹⁰.²¹².{⁰G¹¹l³m‘l¹¹⁰
588 2999 624 3051 ad
639 3014 668 3052 ee
682 3014 732 3053 om.
746 2999 772 3052 G
786 3001 849 3054 add
864 3002 893 3054 et
909 3002 913 3067 Ι
929 3001 1067 3102 Antenor]

77 3088 141 3193 Aa.
161 3075 444 3208 netelton
474 3069 969 3213 'udrtlttlalttutunt
990 3145 1019 3198 a
1034 3080 1068 3196 ¹1}

82 3216 118 3263 14
142 3208 407 3279 Agam-iugulat
429 3225 480 3264 om.
500 3209 526 3264 G
545 3212 549 3278 Ι
569 3209 688 3273 tradidit
709 3211 737 3264 L
814 3218 846 3267 1o
861 3211 935 3266 elam
954 3214 1017 3268 add.
1042 3213 1068 3268 G

73 3285 142 3348 poet
165 3278 240 3347 quod
314 3286 347 3334 17
366 3280 460 3349 patria
479 3279 622 3336 discedere
641 3281 702 3349 (om.
721 3281 767 3352 de)
787 3282 813 3337 G
829 3285 832 3350 Ι
849 3299 913 3338 eum
938 3283 1067 3339 omnibus

78 3349 138 3404 suis
162 3349 283 3404 nauibus
307 3349 334 3404 G
407 3357 439 3406 19
458 3353 547 3405 mesta
569 3351 660 3422 magia
679 3369 765 3420 quam
784 3355 849 3408 ante
868 3354 944 3423 quod
967 3355 1066 3410 aceni-

63 3436 157 3500 ,mam
174 3419 202 3473 L
237 3437 274 3474 m.
298 3438 335 3476 m.
354 3439 381 3489 q.
400 3421 501 3476 alacris
520 3421 547 3476 G
582 3439 619 3476 m.
642 3441 679 3476 m.
698 3425 727 3478 et
750 3424 886 3480 acerrima
907 3443 934 3495 q.
953 3425 1066 3496 quando

76 3493 198 3546 uenerat
219 3491 248 3546 B
320 3497 355 3546 20
378 3491 474 3546 domui
500 3491 526 3546 G
603 3499 635 3546 21
655 3493 934 3568 Helenus-matre]
949 3497 983 3552 H.
1003 3513 1066 3551 eum

76 3561 218 3616 eaeandm
235 3562 363 3618 hecouba
380 3565 411 3618 et
429 3561 619 3634 andromacha
637 3563 671 3618 G.
788 3591 796 3608 ·

870 3657 907 3708 4*
