2424 3938
129 237 211 288 mv
500 213 749 272 rainelmo,

130 385 239 428 eorum
263 363 371 428 omisit
394 384 475 446 quae
498 363 613 426 merito
628 363 668 426 ab
684 363 832 428 omnibus
847 363 974 428 laudari
994 363 1116 430 debent.

128 451 200 517 Hoc
231 451 359 536 quidem
386 451 481 534 plane
510 452 639 515 reticuit
668 449 785 534 (tuido,
819 451 875 516 sed
907 474 976 516 rem
1009 453 1057 517 ita
1087 476 1116 517 se

128 540 246 604 habere
260 539 468 604 manifestum
483 543 540 604 est.
573 539 665 616 Quod
680 539 740 602 viri
754 539 840 604 docti
854 539 1116 606 existimaverunt

128 630 278 712 primitus
307 649 419 713 graece
447 627 546 692 fuisse
575 628 730 710 scriptum
753 626 905 692 Daretem
933 631 967 692 et
987 634 1115 712 postero

129 717 257 781 demum
266 720 410 799 tempore
423 717 458 779 in
471 717 616 801 linguam
628 716 764 779 latinam
778 720 1009 800 transversum,
1026 719 1115 782 simul

130 809 237 869 autem
262 807 463 869 contractum
489 805 528 868 iis
557 825 646 887 quae·
662 803 747 886 apud
770 801 952 868 (luidonem
976 807 1114 870 animad-

128 895 282 958 vertimus
317 913 447 976 prorsus
484 892 609 956 videtur
641 892 852 974 comprobari.
910 891 993 958 Cum
1033 896 1114 958 enim

129 981 346 1066 compluribus
372 980 450 1044 loeis
480 977 609 1044 Daretis
638 1002 757 1044 nomen
786 985 1055 1046 commemoretur
1082 985 1115 1046 in

128 1070 223 1134 rebus
247 1067 463 1132 describendis
487 1089 567 1152 quas
589 1068 684 1132 hodie
711 1067 833 1132 frustra
857 1069 942 1152 apud
965 1069 1114 1134 Daretem

127 1157 321 1242 quaerimus,
343 1155 425 1219 nihil
438 1155 563 1220 videtur
577 1157 752 1240 simplicius
776 1179 873 1241 quam
889 1159 1005 1240 putare
1020 1160 1114 1222 alium

127 1243 281 1310 Daretem
311 1243 450 1308 (luidoni
501 1247 607 1308 raesto
624 1245 745 1320 tuisse.
791 1243 852 1310 Sed
881 1268 932 1310 res
961 1247 1054 1310 aliter
1084 1269 1115 1311 se

126 1334 239 1417 habet,
271 1355 385 1417 nempe
408 1353 447 1395 ex
469 1267 643 1399 lienedicto
667 1353 763 1418 quem
785 1333 839 1398 ille
862 1333 992 1398 Daretis
1020 1336 1114 1398 inter-

127 1426 251 1506 pretem
281 1443 349 1486 esse
380 1421 514 1485 credidit
543 1443 581 1485 ea
611 1425 739 1505 sumpta
769 1425 853 1486 sunt.
906 1421 1114 1487 Conferamus

129 1513 236 1574 autem
249 1511 340 1580 haee:
365 1509 404 1572 In
416 1509 574 1593 „secundo
588 1510 673 1574 bello
696 1511 762 1574 iam
785 1509 952 1574 obsidione
970 1511 1116 1575 firmata“

127 1598 235 1682 prodit
265 1597 386 1662 Hector
419 1598 483 1661 dux
514 1620 619 1663 nonae
652 1599 743 1678 aciei,
782 1616 899 1683 equum
931 1599 1116 1662 conscendit

127 1685 368 1838 ”litttmu
384 1685 1115 1840 diuitiismiidiaiieaiiiiiiitapii

126 1797 256 1927 Demsi
279 1844 448 1949 Nusquam
462 1865 527 1928 tale
551 1863 671 1947 aliquid
694 1853 949 1946 apud'nostrum
963 1797 1114 1927 Dareiem

127 1953 308 2016 invenimus
312 2004 321 2036 ‚
337 1953 442 2017 sedne
458 1953 613 2035 suspicari
623 1951 751 2036 quidem
765 1951 840 2016 lieet
854 1971 918 2036 quo
932 1952 1003 2015 loeo
1018 1953 1115 2036 scrip·

125 2044 196 2102 tum
205 2039 310 2124 fuerit,
322 2045 485 2125 sumptum
496 2044 590 2104 estex
599 2039 773 2104 Benedioto
783 2037 825 2122 (v.
837 2041 924 2104 7989
936 2038 1046 2124 seqq.).
1076 2039 1114 2103 ln

76 2206 78 2209 ι
128 2129 231 2210 capite
253 2130 409 2214 inscripto
431 2129 587 2214 „Quando
600 2127 784 2191 Polidamas
807 2129 902 2192 irruit
924 2129 959 2192 in
972 2125 1114 2192 Mereum

126 2220 276 2299 nepotem
289 2218 401 2282 helene
425 2223 457 2282 et
479 2216 640 2280 interfecit
663 2216 755 2279 eum“
775 2221 888 2280 narrat
908 2215 947 2280 de
961 2213 1113 2280 Marionis

126 2326 259 2388 corpore
289 2307 409 2370 mortui
438 2306 624 2370 dimicatum
654 2325 736 2388 esse,
765 2309 836 2367 tum
863 2305 984 2390 pergit:
1030 2303 1115 2388 „Rex

127 2415 201 2456 vero
226 2391 343 2458 Oelidis
373 2395 427 2479 qui
455 2394 567 2458 diebus
596 2392 662 2457 suis
687 2392 835 2457 omnibus
858 2393 930 2456 aliis
953 2393 989 2455 in
1012 2392 1115 2456 forma

127 2481 373 2563 pulchritudinis
401 2481 463 2545 fuit
489 2481 665 2565 praelatus,
697 2482 736 2544 de
764 2502 827 2565 quo
851 2481 982 2564 scripsit
1004 2479 1114 2561 Dares,

127 2568 213 2652 quod
236 2570 303 2633 eius
326 2569 464 2634 formam
486 2570 593 2634 nullus
617 2570 794 2634 describere
818 2569 988 2652 potuisset,
1020 2588 1114 2653 quem

127 2658 240 2758 regina
262 2658 300 2720 de
323 2657 461 2723 femineo
484 2658 702 2760 tanti-amoris
722 2658 834 2721 ardore
854 2657 1115 2758 praecordialiter

126 2745 294 2830 dilrgebat‚
327 2747 411 2831 quod
443 2767 546 2831 magis
580 2769 654 2810 eum
674 2767 794 2810 ¹earum
825 2745 967 2809 habebat
993 2749 1114 2824 mtrme,

26 2835 27 2839 ’
126 2857 223 2918 quam
238 2857 272 2899 se
286 2835 417 2918 ipsam“.
440 2834 550 2899 Etiam
572 2835 633 2899 hoe
648 2837 810 2916 sumptum
825 2838 875 2897 est
888 2855 926 2896 ex
940 2831 1114 2897 Benedieto

126 2923 168 3006 (r.
193 2925 279 2988 8789
304 2922 413 3009 seqq).
458 2923 497 2986 In
518 2927 650 3008 „octavo
673 2921 776 2987 bello“
788 2922 858 2985 init.
871 2921 1006 2986 indutiis
1020 2921 1114 2986 factis

124 3009 246 3076 Hector
268 3013 401 3076 vulnera
415 3016 506 3076 curat
532 3012 658 3095 „iacens
681 3016 758 3075 tuno
780 3011 815 3073 in
839 3009 912 3073 aula
939 3009 1114 3094 pulchritu-

125 3099 210 3164 dinis
237 3100 355 3165 nobilis
379 3099 475 3183 Ilion,
508 3100 546 3164 de
577 3122 640 3185 quo
668 3099 828 3163 mirabilia
852 3098 981 3182 scripsit
1003 3095 1116 3162 Dares.

125 3185 216 3251 Dixit
245 3189 331 3252 enim
361 3210 432 3252 eam
461 3188 561 3252 fuisse
590 3189 733 3252 totaliter
762 3179 953 3250 institutam'
976 3187 1015 3250 de
1039 3185 1115 3250 duo·

124 3273 228 3338 decim
265 3276 425 3359 lapidibus
464 3275 636 3341 alabastri“
667 3283 717 3340 ete.
745 3355 748 3360 Ι
777 3273 915 3358 Copiose
946 3275 1027 3338 haec
1065 3292 1115 3337 ex·

127 3365 292 3445 ponuntur
316 3385 334 3426 a
348 3361 521 3428 Benedicto
536 3364 579 3448 (r.
596 3365 726 3448 11690).
739 3361 886 3447 Denique
900 3363 995 3426 initio
1019 3360 1116 3447 „noni

125 3445 222 3508 belli“
248 3447 283 3507 in
311 3449 518 3514 describenda
546 3473 583 3514 ea
610 3473 720 3536 pugna
750 3473 846 3534 quam
868 3449 1017 3516 Priamus
1045 3451 1114 3533 ipse

126 3530 168 3590 ad
190 3529 362 3595 Hectorem
384 3537 602 3602 ulciscendum
623 3540 764 3603 instituit
780 3539 931 3622 legimus:
955 3537 1018 3623 „Et
1032 3539 1115 3603 sicut
