2424 3938
146 208 187 272 10
471 205 628 264 necans
647 209 799 265 PHRYGII

143 353 298 438 populum
314 354 423 418 venire
442 355 544 438 iubet,
563 354 808 419 commonefacit
823 355 922 437 filice,
940 359 978 418 ut
994 356 1126 421 maiores

144 446 223 506 natu
246 442 424 507 minoribus
447 444 657 526 imperarent,
676 443 869 508 monstravit
896 465 978 528 quas
999 443 1127 508 iniurias

144 530 258 596 Graeci
277 531 425 596 Troianis
443 532 610 596 fecissent:
630 533 672 597 ob
691 531 752 596 hoc
769 531 971 596 Antenorem
989 533 1126 617 legatum
1198 545 1199 556 ¹

144 620 179 683 in
197 618 364 684 Graeciam
388 620 527 704 misisse,
550 624 587 684 ut
610 621 672 685 sibi
695 620 872 685 Hesionam
896 641 1041 685 sororem
1064 623 1128 685 red·

117 709 256 773 oderent
276 713 309 773 et
332 708 409 774 satis
430 708 579 774 Troianis
601 708 757 774 facerent:
779 709 982 774 Antenorem
1001 731 1022 773 a
1040 707 1128 774 Grais

144 797 373 862 contumeliose
390 801 564 862 tractatum
583 819 686 882 neque
708 798 749 862 ab
768 797 819 862 his
838 798 1012 883 quicquam
1035 799 1127 882 impc-

143 889 229 950 trare
252 885 409 970 potuisse:
433 887 558 969 placere
582 886 644 950 sibi
665 885 884 951 Alexandrum
907 886 942 950 in
966 885 1127 951 Graeciam
1199 933 1200 938 η

144 974 229 1038 mitti
253 995 325 1038 cum
349 975 450 1038 classe
475 974 529 1060 qui
554 975 605 1038 avi
628 976 678 1039 sui
701 979 838 1040 mortem
861 979 894 1039 et
918 975 1129 1040 Troianorum

144 1062 277 1126 iniurias
297 1063 476 1127 ulciscatur.
506 1062 706 1127 Antenorem
725 1063 828 1128 dicere
844 1063 951 1147 iussit,
971 1064 1129 1148 quomodo

105 1167 130 1204 10
145 1151 179 1212 in
211 1149 346 1214 Graecia
377 1154 533 1216 tractatis
570 1156 663 1216 esset.
718 1151 866 1217 Antenor
900 1150 1051 1216 hortatus
1084 1157 1130 1216 est
1199 1161 1200 1166 ’

144 1237 314 1323 Troianos,
336 1259 377 1303 ne
399 1239 634 1323 horrescerent,
656 1241 697 1304 ad
720 1240 943 1304 debellandam
964 1239 1130 1304 Graeciam

144 1349 219 1392 suos
252 1327 422 1393 alacriores
454 1328 544 1412 fecit,
577 1329 688 1412 paucis
721 1328 953 1393 demonstravit
985 1350 1069 1412 qnae
1098 1329 1131 1392 in
1199 1327 1200 1412 ζ

144 1415 279 1480 Graecia
306 1420 457 1502 gesserat.
508 1417 655 1482 Priamus
688 1417 780 1501 dixit,
815 1418 843 1481 si
870 1417 921 1481 cui
949 1417 1132 1500 displiceret
1199 1419 1200 1478 i

143 1503 264 1568 bellum
301 1505 383 1590 geri,
416 1526 506 1569 suam
542 1507 742 1570 voluntatem
784 1505 930 1570 ediceret.
984 1503 1131 1569 Panthus

105 1607 129 1646 1⁵
143 1590 272 1657 Priamo
303 1597 336 1658 et
366 1592 556 1678 propinquis
583 1594 691 1677 prodit
718 1615 769 1677 ea,
802 1615 883 1678 quae
907 1615 927 1657 a
953 1598 1048 1677 patre
1076 1617 1132 1658 suo

142 1679 319 1764 Euphorbo
339 1681 497 1760 audierat,
516 1683 619 1747 dicere
634 1683 740 1766 coepit
758 1682 785 1746 si
799 1681 983 1746 Alexander
999 1703 1132 1746 uxorem

144 1769 182 1832 de
215 1766 350 1834 Graecia
379 1769 577 1854 adduxisset,
608 1770 756 1835 Troianis
789 1774 965 1835 extremum
999 1770 1132 1834 exitium

142 1857 299 1941 futurum,
332 1859 387 1922 sed
419 1859 583 1941 pulchrius
612 1879 681 1923 esse
713 1859 748 1922 in
780 1859 846 1924 otio
874 1859 974 1922 vitam
1007 1859 1132 1944 degere,

144 1967 240 2029 quarn
263 1946 298 2010 in
325 1948 466 2011 tumultu
493 1947 675 2011 libertatem
700 1947 846 2012 amittere
877 1949 924 2027 [et
952 1948 1132 2030 periculum

103 2052 128 2088 aa
142 2034 247 2115 inire].
296 2036 435 2118 populus
459 2036 682 2100 auctoritatem
705 2035 824 2100 Panthi
847 2035 1058 2119 contempsit,
1082 2051 1133 2099 ‘re-

144 2141 216 2206 gem
241 2123 345 2188 dicere
367 2124 531 2188 iusserunt
558 2124 634 2208 quid
653 2125 748 2188 vellet
769 2124 846 2188 fieri.
883 2123 1035 2188 Priamus
1053 2123 1134 2188 dixit
1200 2183 1201 2188 ,

143 2231 241 2275 naves
260 2212 497 2295 praeparandas
516 2233 600 2296 esse,
623 2217 659 2276 ut
673 2216 764 2277 eatur
782 2213 817 2276 in
839 2210 1021 2296 Graeciam,
1040 2217 1132 2276 uten-

144 2299 215 2363 silia
243 2320 370 2384 quoque
392 2301 513 2384 populo
535 2320 602 2364 non
626 2299 743 2366 deesse.
788 2301 928 2385 populus
951 2301 1132 2365 conclama-

142 2387 190 2450 vit
211 2407 270 2471 per
293 2409 326 2452 se
349 2409 474 2452 moram
496 2409 564 2452 non
591 2409 674 2472 esse,
705 2411 768 2473 quo
796 2389 902 2452 minus
928 2389 1016 2472 regis
1041 2411 1132 2473 prae·

104 2492 129 2529 ‘25
146 2476 247 2558 ceptis
275 2480 434 2560 pareatur.
480 2474 629 2540 Priamus
651 2477 716 2540 illis
744 2497 879 2562 magnas
910 2477 1033 2560 gratias
1058 2477 1134 2562 egit,
1200 2519 1201 2530 ι

143 2563 392 2649 concionemque
416 2564 545 2628 dimisit.
583 2586 620 2629 ac
637 2587 714 2629 mox
736 2566 770 2628 in
788 2564 880 2628 idam
900 2565 1013 2628 silvam
1035 2565 1134 2647 misit,
1200 2547 1201 2606 l

143 2651 198 2734 qui
221 2652 388 2716 materiem
412 2652 622 2736 succiderent,
648 2674 747 2717 naves
771 2652 989 2735 aedificarent,
1010 2652 1132 2716 Hecto·

1200 2863 1201 2894 l

215 2894 322 2951 1filios
341 2898 370 2950 et
388 2897 421 2950 ut
440 2896 477 2950 M
482 2895 507 2950 G
528 2897 558 2950 et
576 2911 626 2950 om.
645 2897 673 2950 B
692 2897 793 2966 aliique
865 2896 1066 2968 sinperarent
1083 2896 1131 2966 Gl
1199 2900 1201 2968 l

142 2967 311 3022 monstrauit
329 2982 378 3021 our.
399 2967 425 3020 G
496 2965 838 3028 4Hesionaredderetur
862 2983 939 3022 soror
958 2968 984 3022 G
1059 2969 1133 3023 afe-
1199 2993 1201 3012 ι

141 3039 246 3094 cissent
273 3037 299 3092 G
382 3043 396 3092 7
424 3037 454 3091 in
482 3053 531 3092 om.
560 3038 598 3091 M
668 3044 683 3093 8
710 3037 753 3093 sui
778 3054 828 3094 orn.
855 3039 934 3106 libri,
961 3039 1042 3094 habet
1068 3040 1131 3093 edit.

147 3109 237 3164 Veraci.
258 3114 326 3164 1499
400 3114 434 3161 14
457 3107 714 3163 suam—ediceret
738 3125 787 3164 om.
810 3110 848 3163 M
918 3113 951 3164 16
969 3108 1133 3174 eufomoG

141 3181 257 3234 euforbc
278 3179 315 3233 M
343 3180 382 3233 'ut
401 3180 425 3233 si
445 3179 511 3232 MG
548 3179 571 3234 si
589 3179 617 3232 R
691 3186 723 3233 Π
748 3179 913 3236 exiciumG
987 3187 1019 3236 18
1038 3179 1131 3234 factu·

141 3268 203 3304 rum
219 3252 274 3317 Ml
291 3267 329 3332 pu
342 3249 439 3304 chrum
455 3249 492 3302 M
496 3249 522 3304 G
557 3249 682 3320 pulcrius
702 3249 757 3305 VR
773 3256 777 3319 Ι
794 3251 856 3306 ocio
870 3251 897 3305 G
966 3257 999 3305 19
1014 3253 1045 3306 et
1058 3249 1132 3320 peri-

142 3321 235 3372 culum
259 3320 331 3373 imre
357 3319 463 3372 σπι-Υ
485 3336 542 3373 noa
566 3322 636 3374 mala
708 3327 742 3376 20
767 3321 1004 3392 populus—fieri
1029 3337 1082 3376 om.
1106 3317 1131 3372 G

12 3431 13 3460 3
142 3393 175 3440 22
194 3389 275 3440 utin
293 3406 334 3456 gr.
354 3388 478 3442 eaturG
514 3392 547 3443 ut
571 3394 638 3444 eant
659 3391 690 3444 in
707 3409 749 3460 gr.
770 3393 807 3445 M
878 3398 911 3446 23
931 3408 993 3447 esse
1011 3391 1038 3446 G
1055 3395 1059 3460 Ι
1075 3391 1130 3444 cla-

12 3473 36 3527 „
141 3455 232 3533 mauis
246 3455 272 3508 G
344 3463 378 3510 24
391 3458 549 3527 praeceptis
564 3459 638 3530 regia
654 3461 680 3515 G
747 3468 781 3516 25
795 3463 944 3533 pareatM
1016 3469 1050 3517 26
1065 3477 1131 3516 con·

12 3531 14 3558 l
142 3530 304 3589 nonamque
324 3525 361 3576 M
375 3529 378 3591 1
395 3542 427 3580 ac
438 3558 471 3565 -
482 3529 662 3584 aedificarent
680 3547 730 3586 orn.
751 3533 795 3586 M.
