2416 3944
188 189 227 253 18
491 186 623 238 chrrs
641 185 842 240 CRETENSIS

186 342 254 406 eius
282 339 367 403 filiae
399 338 590 422 praebuere,
623 357 705 420 quae
739 340 935 422 oenotropae
963 343 996 403 et
1024 339 1153 406 divinae

185 423 351 522 religionis
384 421 550 521 antestites
583 423 853 488 memorabantur.
903 422 965 487 hoc
992 425 1096 490 modo
1120 447 1153 489 cx

184 508 302 574 Auhde
323 510 512 593 navigatum
534 510 591 570 est

431 763 588 838 LIBER
614 761 898 838 SECUNDUS.

269 932 295 997 Ι.
339 931 515 1014 Postquam
547 930 588 994 ad
614 929 798 994 Moesorum
830 930 996 1015 regionem
1024 933 1151 996 univer·

159 1039 236 1081 usas
269 1017 385 1081 classes
418 1015 507 1079 venti
541 1015 708 1098 apulere,
740 1035 877 1098 propere
910 1035 1023 1079 omnes
1057 1016 1149 1101 signo

186 1101 260 1166 dato
286 1121 385 1165 naves
416 1099 505 1165 litori
607 1103 714 1164 orent.
770 1099 844 1162 dein
884 1098 994 1184 egredi
1022 1102 1150 1184 cupien-

184 1186 271 1250 tibus
298 1206 318 1249 a
345 1183 528 1249 custodibus
556 1183 621 1249 loci
648 1185 717 1248 eius
744 1183 872 1249 obviam
897 1183 980 1248 itum
1002 1189 1068 1248 cst:
1100 1207 1150 1249 eos

184 1291 324 1354 namque
345 1266 521 1352 Telephus,
545 1270 691 1352 quitum
713 1267 854 1332 Moesiae
876 1268 1052 1352 imperator
1076 1275 1150 1350 erat,
1196 1267 1197 1334 l

207 1377 249 1420 uo
264 1354 370 1421 omnis
390 1353 481 1439 regio
497 1353 538 1417 ab
559 1353 742 1418 incursione
756 1352 993 1417 maritimorum
1006 1352 1149 1418 hostium

146 1461 171 1498 ιο
185 1378 419 1521 defensaretur,
448 1438 536 1503 litori
562 1436 768 1522 praefecerat.
817 1437 918 1522 igitur
945 1437 1001 1501 ubi
1024 1437 1151 1503 descen·

185 1523 259 1588 dere
289 1522 503 1607 prohibentur
538 1543 642 1606 neque
677 1522 766 1619 prius
798 1521 996 1605 permittitur
1031 1527 1148 1587 terram

184 1607 371 1692 contingere
377 1655 386 1688 ,
415 1627 513 1689 quam
539 1607 609 1704 regi
637 1627 769 1689 qmnam
801 1609 909 1670 essent
935 1607 1148 1688 nuntiaretur,

184 1691 289 1757 nostri
316 1691 421 1774 primo
449 1696 530 1773 quae
561 1689 749 1755 dicebantur
776 1691 948 1777 neglegere
976 1695 1010 1755 et
1031 1691 1149 1788 singuli

184 1777 321 1840 navibus
349 1773 472 1860 egredi,
506 1774 580 1838 dein
606 1779 777 1859 postquam
804 1797 824 1839 a
851 1774 1037 1840 custodibus
1069 1775 1149 1840 mhil

146 1881 170 1920 15
183 1860 406 1926 remittebatur
434 1862 467 1923 et
493 1879 617 1924 summa
649 1860 681 1923 vi
703 1859 809 1923 resisti
837 1863 870 1924 et
890 1857 1057 1944 prohiberi
1081 1882 1148 1924 coc-

183 1949 285 2029 ptum,
309 1944 404 2008 duces
421 1965 533 2008 omnes
555 1944 706 2008 iniuriam
721 1965 818 2008 manu
840 1944 1066 2008 vindicandam
1090 1945 1149 2008 rati
1195 1987 1196 1990 =

184 2029 319 2114 arreptis
342 2029 438 2094 armis
460 2029 591 2094 evolant
611 2028 747 2092 nauibus
768 2028 956 2112 incensique
977 2029 1026 2092 ira
1047 2035 1150 2093 custo·
1195 2033 1196 2050 ¹

184 2117 238 2180 des
260 2114 393 2180 caedere
414 2135 455 2178 ne
478 2134 519 2177 ue
540 2113 640 2177 versis
662 2112 713 2176 hie
734 2116 830 2196 atque
851 2113 886 2176 in
908 2112 988 2198 fuga
1008 2133 1148 2196 parcere,

178 2200 239 2264 'sed
251 2200 299 2263 uti
311 2198 446 2281 quisquc
457 2136 640 2282 lugientem
651 2197 935 2280 conprehenderat,
947 2197 1148 2262 obtruncare.

145 2301 170 2340 so
245 2323 248 2329 -
268 2282 310 2346 11.
354 2281 489 2344 Interim
510 2281 551 2344 ad
565 2280 743 2364 Telephum
764 2282 820 2366 qui
842 2281 938 2365 primi
959 2281 996 2344 fu
1019 2305 1040 2345 a
1055 2282 1149 2346 Grae-

184 2387 238 2431 cos
260 2369 427 2431 evaserant
447 2365 595 2430 veniunt:
618 2366 754 2430 inruisse
771 2365 874 2429 multa
894 2365 984 2430 milia
1030 2367 1147 2431 ostium

184 2471 301 2535 eosque
322 2449 421 2515 caesis
450 2449 636 2515 custodibus
662 2450 758 2514 litora
786 2470 956 2547 occupasse
984 2453 1018 2514 et
1047 2451 1146 2514 multa

183 2540 348 2618 praeterea
369 2534 489 2632 singuli
511 2538 681 2616 promotu
708 2554 766 2598 suo
790 2533 963 2599 adicientes
984 2536 1146 2600 nuntiant.

185 2618 259 2684 dein
281 2640 315 2683 re
343 2639 379 2684 co
440 2622 474 2682 ta
495 2617 656 2702 Telephus
684 2639 758 2682 cum
780 2618 847 2702 his,
870 2639 950 2703 quos
972 2619 1095 2684 circum
1117 2641 1147 2682 se

47 2769 53 2778 ,
145 2719 170 2760 2⁵
184 2703 336 2786 habebat,
369 2702 519 2786 aisque,
548 2703 604 2786 qui
626 2705 660 2766 in
687 2725 724 2766 ea
750 2703 958 2781 festinatione
986 2704 1022 2767 in
1050 2726 1148 2768 unum

184 2788 319 2853 conduci
340 2791 489 2872 potuere,
516 2806 652 2871 propere
681 2787 810 2852 Graecis
839 2788 967 2852 obviam
994 2789 1087 2854 venit
1114 2809 1147 2852 ao

184 2875 292 2938 rtatim
328 2872 532 2938 condensatis
570 2871 730 2954 utrimque
768 2871 930 2937 frontibus
967 2872 999 2936 vi
1032 2894 1148 2958 magna

183 2958 393 3022 concurritur.
445 2956 519 3021 dein
552 2956 600 3020 uti
634 2957 769 3040 quisque
801 2956 837 3020 in
864 2977 978 3021 manus
1005 2961 1145 3036 venerat,
1194 3001 1195 3034 ,

182 3041 391 3124 interficitur,
420 3063 493 3106 cum
520 3040 650 3106 interim
676 3041 728 3104 his
755 3044 811 3104 aut
832 3041 897 3105 illis
919 3063 959 3105 ex
980 3063 1056 3105 casu
1079 3063 1147 3105 suo
1194 3043 1195 3076 ³

144 3143 170 3182 so
183 3147 261 3192 rum,
276 3123 431 3208 perculsis
453 3123 672 3189 vehementius
698 3125 838 3189 invicem
859 3126 1042 3190 instaretur.
1089 3123 1147 3190 Sed

183 3211 217 3273 in
240 3231 277 3274 ea
298 3229 410 3293 pugna
424 3208 653 3292 Thessandrus,
677 3230 772 3292 quem
786 3207 950 3294 Polynicis
972 3231 1072 3292 supra
1087 3230 1145 3272 me-

252 3399 266 3444 1
285 3411 354 3460 quae
372 3399 401 3446 iu
418 3401 534 3461 utropca‘
547 3395 595 3446 GB
619 3411 689 3459 quae
708 3400 858 3462 ceuctrcpe
870 3399 895 3446 P
946 3398 978 3447 17
990 3395 1146 3462 abreptisd

184 3463 216 3511 18
234 3461 331 3512 cedere
351 3462 397 3512 oB
464 3465 498 3514 20
515 3463 581 3526 fuge
601 3463 644 3512 GB
723 3465 755 3512 Ἡ
776 3462 924 3513 condensis
942 3463 1052 3514 satis&
1088 3479 1146 3514 con-

183 3529 306 3579 densatis
325 3531 395 3578 edltt.
415 3536 477 3580 cett.
540 3531 574 3580 30
586 3528 640 3580 Sed
658 3531 687 3579 in
706 3545 739 3580 ea
757 3543 850 3594 pugna
868 3547 913 3582 om.
933 3532 974 3583 ed.
990 3533 1077 3594 princ.
