2414 3946
451 277 704 336 PRAEFATIO.
840 333 842 338 .
1034 309 1072 355 XI

71 443 106 485 n,
132 422 228 486 2861.
274 421 363 498 Quae
387 422 575 508 ignotorum
598 428 765 490 auctorum
779 425 1068 512 ¹interpretationes

77 513 280 594 quantopere
293 510 478 576 hominibus
497 513 584 577 illius
606 515 762 598 temporis
775 516 930 598 probatae
951 519 1071 584 fuerint

72 599 172 662 facilc
195 599 270 664 inde
295 601 528 684 cognoscimus,
552 602 638 686 quod
659 602 758 666 etiam
772 595 918 688 sequenti
940 609 1067 673 saeculo

76 687 209 770 saepius
231 688 385 770 repetitae
410 692 494 752 sunt.

166 773 355 860 Complures
378 777 660 860 interpretationes
684 801 765 845 saec.
779 779 857 846 XVI
874 782 909 846 in
928 782 1068 850 Franco-

75 864 178 956 gallia
213 863 317 928 factae
348 868 432 929 sunt.
484 865 524 930 In
558 863 706 931 Italicam
737 868 884 953 linguam
915 869 1068 938 Daretem

72 952 173 1016 vertit
197 949 328 1018 Temese
350 952 516 1018 Pereeeele'
539 954 634 1037 1570,
657 955 793 1038 Peppies
819 959 880 1023 157
884 960 912 1024 8.
948 958 988 1024 In
1008 962 1068 1024 lin-

75 1061 176 1124 guam
221 1039 445 1106 Germanicam
493 1043 670 1110 translatus
720 1049 770 1110 est
812 1067 870 1129 per
921 1045 1070 1114 Morere-ee

75 1130 205 1192 Tatium
230 1129 397 1214 Augustae
418 1129 660 1196 Vindelicorum
685 1132 810 1218 15361),
834 1135 919 1200 1556
939 1135 1068 1220 Lipsiae

76 1218 165 1280 1774
193 1237 212 1281 a
243 1217 267 1282 Ι.
300 1218 360 1282 Ad,
388 1217 624 1302 Hermstiidtio,
655 1224 818 1304 postremo
840 1223 876 1286 in
899 1223 1068 1290 Russicam

74 1307 167 1369 iussu
189 1300 278 1369 Petri
300 1305 412 1392 Magni
436 1330 463 1370 a.
490 1309 584 1372 1712.

163 1393 233 1458 Iam
256 1416 331 1459 vero
355 1397 467 1460 auctor
488 1395 584 1460 huius
613 1396 715 1460 libelli
745 1398 890 1482 quisquis
913 1401 969 1464 ille
998 1406 1067 1466 6161

73 1483 146 1564 ipse
169 1482 232 1546 sibi
254 1503 378 1548 nornen¹
395 1482 525 1548 Daretis
540 1483 674 1568 Phrygii
698 1485 814 1550 adiecit
837 1491 932 1572 atque
954 1488 1067 1553 haberi

72 1571 179 1634 voluit
200 1571 229 1635 ia
252 1572 308 1655 qui
331 1571 415 1655 apud
437 1571 616 1637 Homerum
639 1571 675 1636 Il.
689 1571 730 1656 V,
753 1573 773 1637 9
798 1580 1066 1641 commemoratur

76 1659 226 1722 sacerdos
257 1658 443 1742 Hephaesti.
496 1659 787 1742 (Commemoratur
817 1663 914 1728 etiarn
944 1689 964 1729 a
986 1664 1066 1728 Ver·

76 1747 158 1831 gilio
180 1747 216 1810 in
237 1747 380 1812 Aeneide
403 1747 443 1830 V,
466 1749 531 1812 369
556 1771 624 1834 sqq.
670 1749 772 1814 Dares

143 1832 237 1900 Solus
260 1835 316 1920 qui
337 1835 487 1900 Paridem
511 1838 598 1901 solus
622 1839 812 1903 contendere
837 1844 949 1905 eontra

140 1922 292 2008 Idemque
307 1924 347 1988 ad
357 1926 525 2007 tumulum,
541 1948 603 2009 quo
615 1947 783 1990 maxumus
798 1929 934 1992 occubat
942 1927 1063 1994 Hector

140 2011 306 2078 Victorem
328 2012 435 2077 Buten
458 2014 602 2077 immani
615 2035 757 2098 corpora
781 2015 836 2099 qui
860 2037 893 2079 se

141 2099 299 2184 Bebrycia
321 2101 453 2165 veniens
477 2101 593 2184 Amyci
616 2102 654 2166 de
678 2099 779 2187 gente*
797 2102 921 2168 ferebat

141 2187 282 2255 Perculit
305 2193 338 2253 et
360 2189 448 2253 fulva
470 2190 698 2255 moribundum
722 2191 865 2255 extendit
887 2213 992 2256 arena.

73 2281 107 2342 et
143 2277 339 2360 lepidissime
383 2278 451 2342 eius
488 2282 521 2342 et
552 2278 675 2343 Entelli
706 2282 869 2344 certamen
901 2281 1062 2364 singulare

74 2365 288 2452 describitur.)
332 2364 446 2450 Neque
468 2369 578 2430 tamen
602 2388 675 2431 eum
697 2365 832 2433 Homeri
861 2370 1004 2433 carmina
1027 2388 1064 2434 66

74 2477 116 2518 ne
140 2455 231 2519 illum
254 2457 360 2538 ipsum
384 2454 512 2539 quidem
534 2457 640 2520 lecum
654 2457 772 2540 legisse
791 2460 977 2540 statuemus,
1001 2481 1064 2542 quo

72 2547 226 2607 narratur
250 2565 313 2627 qua
342 2542 473 2607 fortuna
495 2542 625 2608 Daretis
647 2545 707 2608 filii
735 2565 806 2609 cum
830 2544 985 2611 Diomede
1007 2569 1065 2630 pu-

73 2632 254 2716 gnaverint.
298 2628 384 2694 Nam
406 2631 605 2696 celeberrimi
627 2635 741 2716 poetae
755 2633 808 2696 vix
831 2655 950 2698 nomen
973 2636 1064 2700 novit

74 2722 171 2803 atque
203 2721 239 2782 ut
270 2740 308 2782 ex
339 2719 476 2802 epistula
506 2741 587 2804 quae
618 2723 687 2784 sine
718 2721 815 2786 dubio
846 2723 989 2786 eiusdem
1017 2727 1066 2788 est

73 2809 217 2890 apparet,
241 2808 381 2872 maxima
404 2829 477 2871 cum
501 2809 650 2892 superbia
673 2829 747 2872 eum
770 2810 917 2892 despicit,
946 2812 1064 2894 quippe

74 2897 131 2979 qui
161 2897 390 2979 superstitione
420 2896 798 2979 6166111161116116111,
830 2901 867 2960 ut
890 2898 966 2962 deos
991 2919 1064 2963 cum

148 3033 166 3103 ¹)
186 3033 373 3104 Warhafftige
388 3033 495 3088 Histori
508 3034 566 3088 und
580 3033 793 3160 beschrepbuug
811 3054 868 3090 von
886 3037 950 3090 dem
966 3038 1065 3092 Troia-

71 3104 189 3159 nischen
199 3103 293 3174 111168,
313 3105 372 3158 und
386 3107 548 3175 zersttrung
558 3104 608 3158 der
618 3104 681 3159 Stat
720 3105 786 3173 1616,
808 3107 896 3161 durch
911 3108 966 3161 deu
979 3109 1078 3162 hoch-'

72 3175 531 3243 6666111611(1666116116611161161,
557 3175 660 3244 Dictys
680 3175 840 3232 Cretensem
854 3177 911 3232 und
932 3177 1064 3232 Daretem

71 3246 240 3316 Phrygium,
272 3246 395 3300 Erstlich
413 3245 444 3299 in
462 3246 656 3300 Griechischer
675 3247 776 3316 sprach
795 3249 968 3314 beschribem
1002 3250 1063 3302 dar-

72 3317 145 3370 naoh
164 3317 278 3384 Latein,
310 3317 368 3370 und
393 3316 510 3385 jetzund
535 3317 654 3372 newlich
682 3318 770 3373 durch
797 3319 922 3374 Marcum
951 3318 1064 3374 Tatium

71 3390 124 3441 ctc.
149 3390 211 3443 Aue
231 3387 296 3442 dem
314 3387 415 3442 Latein
433 3387 476 3442 ins
505 3386 626 3441 Teutsch
653 3389 837 3457 verwandelt,
870 3391 991 3445 vormals
1018 3392 1064 3446 uie

71 3457 288 3584 ᾔῧοέἰηέγῗῆ
312 3458 455 3512 durchauss
479 3457 600 3512 schenen
623 3458 744 3528 Figuren
767 3460 891 3529 gezieret
907 3461 1061 3532 Augspurg
