2414 3946
308 190 355 236 on
378 190 439 236 orn
462 189 591 237 aarum
614 189 689 238 car.
705 189 805 236 xvur.
995 173 1036 237 37

65 349 101 390 re
119 346 187 389 vera
203 329 324 390 dieteris
345 335 436 398 esset3
460 328 539 390 unde
555 329 709 408 mysteria,
733 347 808 406 quae
824 327 932 388 Libero
948 327 1036 388 alter·
1125 333 1132 340 “

66 415 115 473 nis
145 413 218 474 fiunt
248 415 345 484 anuis,
383 414 535 474 trieterica
565 431 581 474 a
610 415 705 492 poetis
735 413 883 474 dicuntur.
934 421 1072 491 postona

65 499 187 576 cognito
214 515 320 558 errore
347 498 405 558 hoc
432 504 549 576 ternpus
580 497 783 576 duplicarunb
796 505 825 557 et
849 497 1038 558 tetraeterida

66 584 218 643 lecerunt:
249 583 301 642 sed
328 601 407 650 earn,
439 581 519 661 quod
545 584 646 659 quinto
672 601 790 661 quoquo
813 599 890 642 anno
912 580 1037 650 redibat,

25 667 272 746 5pentaeterida
302 665 505 727 nominabant.
551 667 601 744 qui
629 684 725 727 annus
755 684 880 744 magnus
906 685 942 726 ex
968 684 1038 744 qua-

66 751 206 812 driennio
222 750 406 811 commodior
421 751 499 810 risus
516 759 560 822 est
576 774 590 812 a
607 772 621 811 a
638 749 707 812 solis
723 769 835 811 aunum
851 757 987 810 constare
1003 768 1039 809 ex

66 835 175 896 diebus
197 847 333 896 cccnxv
356 843 385 896 et
407 835 465 896 diei
487 843 571 912 parto
593 836 711 895 circiter
734 844 854 914 quarta,
878 853 953 914 quae
974 848 986 892 r
1007 836 1039 893 in

65 920 295 1001 quadriennium
323 920 400 981 diern
423 919 593 981 conficeret.
641 937 732 998 quare
758 937 834 998 agon
858 927 886 980 el
906 919 936 978 in
956 917 1073 978 Elide4

65 1006 130 1066 lori
151 1003 285 1084 Olympio
311 1013 341 1066 et
360 1005 472 1066 Romae
495 1003 658 1084 Capitolino
685 1006 788 1083 quinto
815 1022 933 1084 quoque
960 1021 1038 1063 auno

7 1107 45 1155 10
65 1089 214 1150 redeunte
230 1088 406 1150 celebratur.
442 1089 500 1149 hoc
521 1107 639 1168 quoque
656 1095 786 1166 tempus,
809 1089 887 1167 quod
910 1087 945 1148 ad
968 1087 1039 1148 solis

66 1174 159 1234 rnodo
175 1192 294 1235 cursum
310 1192 366 1235 noc
382 1173 419 1233 ad
434 1172 521 1234 lunae
535 1191 703 1252 congruere
718 1172 884 1242 videbatur,
908 1172 1039 1248 duplica-

67 1267 134 1319 tum
150 1267 194 1318 est
209 1265 238 1317 et
253 1259 411 1320 octaeteris
424 1259 509 1328 lacta,
527 1276 603 1336 quae
618 1267 689 1318 luno
705 1259 890 1318 enneaeleris
903 1259 1037 1325 vocitata,

67 1344 139 1421 quia
154 1343 267 1422 primus
284 1345 347 1405 eius
362 1361 458 1404 annus
475 1360 554 1402 nono
571 1361 688 1422 quoque
710 1360 787 1401 anno
803 1341 928 1402 redibat.
959 1341 1039 1400 hunc
1057 1349 1072 1396 5

68 1429 229 1489 circuitum
258 1447 328 1488 vere
356 1445 467 1488 annum
488 1445 629 1506 magnum
657 1444 722 1487 esse
752 1425 895 1505 pleraque
916 1425 1039 1485 Graecia

8 1529 44 1577 15
67 1513 262 1582 existimavit,
294 1513 374 1592 quod
396 1531 432 1572 ex
453 1513 538 1572 annis
559 1508 742 1572 vertentibus
764 1510 863 1571 solidis
880 1516 1037 1578 constaret,

67 1605 103 1657 ut
125 1599 247 1676 proprie
271 1599 301 1657 in
322 1615 399 1657 auno
421 1614 528 1674 magno
551 1596 616 1657 lieri
636 1613 691 1672 par
707 1601 760 1656 ost.
796 1613 864 1656 narn
887 1594 950 1654 dies
972 1601 1040 1655 sunl

67 1688 156 1750 solidi
176 1681 212 1748 Π
229 1696 445 1762 DOOGOXXIJ,
470 1705 584 1749 menses
604 1689 696 1748 solida·
716 1705 775 1748 uno
797 1687 895 1746 minus
911 1693 1038 1753 centuni,

66 1774 200 1852 annique
216 1778 365 1832 vertentes
381 1770 467 1832 solidi
483 1779 558 1832 octo.
582 1772 659 1832 hano
676 1771 856 1832 octaelerida
872 1769 958 1848 vulgo
975 1788 1039 1830 ore-

68 1859 167 1918 dilum
189 1865 233 1916 est
248 1854 285 1918 ab
301 1855 424 1917 Eudoxo
441 1855 544 1916 Cnidio
559 1857 738 1924 institutam,
763 1855 814 1916 sed
831 1853 879 1914 alii
895 1853 1040 1915 Cleostra-

9 1949 47 1998 20
69 1952 135 2003 tum
151 1940 315 2002 Tenedium
330 1941 460 2018 primum
476 1939 576 2002 lerunt
592 1937 784 2018 conposuisse
806 1947 834 1999 et
849 1947 951 2016 postea
967 1936 1040 1997 alios

68 2025 172 2096 aliter,
196 2026 246 2103 qui
260 2023 413 2085 mensibus
434 2025 513 2086 varie
533 2023 743 2085 intercalandis
758 2042 826 2084 suas
847 2022 1040 2083 cotaeleridas

66 2108 268 2192 protulerunt,
285 2116 318 2170 ul
334 2109 402 2170 lecit
413 2107 568 2187 Harpalus,
584 2106 732 2178 NauteleS,
749 2107 953 2176 Menestratus,
969 2107 1039 2166 item

67 2195 134 2265 alii,
162 2197 191 2254 in
212 2195 277 2274 quis
298 2193 470 2264 Dosillreus,
495 2195 578 2254 cuins
599 2194 726 2253 maxime
748 2193 904 2253 octaeteris
925 2190 1040 2252 Eudoxi

67 2279 252 2340 inscribitur.
289 2277 327 2338 ob
344 2277 401 2338 hoc
421 2279 451 2338 in
467 2279 591 2340 Graecia
607 2277 716 2338 inullae
737 2276 896 2356 religiones
916 2276 973 2336 hoc
994 2277 1039 2335 in·
1058 2291 1074 2338 6

78 2465 275 2472 ‚m

142 2585 165 2637 1.
190 2582 318 2633 baerenes
337 2583 375 2645 D,
400 2581 534 2632 diesceres
552 2583 608 2632 dV
675 2581 800 2632 misteria
826 2581 855 2630 V
915 2589 978 2644 post
995 2581 1042 2629 Li-

68 2653 139 2702 bero
156 2653 228 2716 vulgo
247 2651 309 2702 add.
326 2649 402 2714 patri
469 2652 493 2700 3.
513 2648 738 2700 rernahereruba
756 2649 812 2698 DV
877 2650 901 2697 4.
921 2647 1041 2698 sebenno

68 2721 109 2781 D,
133 2718 184 2768 sed
201 2717 237 2768 ad
255 2732 317 2768 enm
334 2718 381 2767 dV
449 2717 673 2782 aperiundas
694 2718 722 2766 V
787 2718 811 2767 7.
837 2731 906 2778 quae
925 2728 1041 2780 promum

68 2757 139 2846 n'V,
164 2801 235 2850 quae
258 2799 341 2834 unum
363 2789 435 2850 oulyo
505 2784 529 2834 8.
554 2783 631 2834 ambe
649 2785 687 2847 Ι),
713 2784 804 2834 aelide
827 2783 855 2832 V
919 2785 945 2832 9.
964 2782 1040 2831 olim-

68 2855 117 2918 pio
141 2853 169 2902 V
235 2851 367 2918 capitolio
389 2854 415 2902 V
483 2853 523 2902 10.
547 2867 565 2902 a
584 2865 658 2902 sonos
676 2852 702 2900 D
771 2853 812 2899 12.
837 2861 984 2900 ocrerenrs
1008 2851 1041 2911 Ι),

68 2925 136 2972 octo
155 2921 223 2970 ieris
245 2921 271 2969 V
338 2921 532 2970 aenneoeleris
549 2920 580 2980 V,
600 2917 869 2970 ennaeterislodnue
940 2921 981 2968 13
999 2933 1042 2966 re

69 2988 207 3038 diabalo
256 2988 309 3038 hnc
327 2989 352 3036 D
423 2989 463 3039 14
483 2990 562 3052 graec
565 2987 593 3036 ia
615 2987 648 3049 V,
667 3002 735 3037 corr.
748 3001 779 3034 m.
792 3001 844 3035 ree.
916 2985 956 3038 16.
976 3000 1043 3049 pao·
1128 3030 1138 3050 ‚

68 3056 192 3122 praraeD
262 3057 302 3106 17.
322 3069 381 3106 som
400 3056 439 3113 D‚·
458 3055 691 3105 dierumnumeram
709 3059 735 3104 et
752 3067 861 3103 menses
881 3052 963 3104 solidi
981 3055 1042 3104 odd.

69 3125 191 3188 Scaliger
259 3123 341 3173 minis
364 3123 392 3172 V
407 3122 514 3185 (seilicet
531 3121 585 3173 soli
603 3122 650 3172 diu
667 3121 785 3171 nominis
808 3121 856 3181 V
837 3119 846 3152 ¹
874 3123 941 3171 ande
959 3119 1043 3170 solidi

68 3207 125 3242 nno
145 3189 355 3254 minisseuam.
373 3189 438 3254 reo)
510 3191 550 3241 18.
569 3189 707 3240 hancom.
732 3189 760 3238 V
813 3187 1041 3239 coroaerentbasn

68 3259 130 3309 DV
197 3259 237 3308 19.
257 3258 305 3308 ulii
324 3258 435 3320 Iubeas,
455 3273 490 3308 au
508 3258 548 3321 D,
566 3256 640 3307 huuc
658 3263 751 3306 ettam
768 3255 929 3306 leostratum
951 3255 979 3303 V

68 3329 113 3380 20.
131 3325 205 3377 alius
227 3323 252 3374 V
318 3327 361 3376 21.
379 3339 480 3376 usurae
498 3326 523 3373 D
592 3322 793 3375 ocroereurbas
811 3323 868 3372 DV
931 3325 972 3374 22.
995 3337 1042 3372 aa·

68 3408 161 3461 panus
187 3393 225 3451 D,
260 3409 328 3445 corr.
360 3395 379 3444 d
446 3405 579 3443 nannents
606 3391 661 3442 DV
728 3393 769 3444 23.
797 3404 982 3441 ooroaerears
1008 3391 1042 3447 D,

68 3462 211 3514 ocaeteris
228 3459 259 3521 V,
272 3477 343 3512 corr.
357 3463 375 3511 d
427 3462 469 3511 24.
482 3460 633 3526 religiones
645 3476 676 3513 m.
689 3474 742 3509 rec.
755 3461 782 3508 in
798 3459 830 3520 V,
844 3473 976 3525 naciones
989 3457 1047 3508 DV
