2416 3944
334 175 447 227 BELLI
465 175 617 228 TROIANI
634 175 706 226 LIB.
724 174 761 224 ΙΙ.
992 172 1033 236 29

58 326 187 390 affatim
201 325 446 408 praebebantur.
484 325 600 390 dehinc
614 325 813 389 frumentum
833 347 891 409 per
905 347 1034 391 omnem

60 411 241 474 exercituin
255 409 356 475 totius
378 411 456 474 anni
471 409 635 492 pollicitus
648 431 747 474 naves
767 410 938 494 onerarias,
955 433 1033 494 quas

60 497 104 560 ob
138 493 172 559 id
206 494 290 558 Aiax
328 515 437 558 secum
468 494 636 578 habuerat,
670 515 705 557 rc
729 495 789 558 let:
827 495 936 559 multis
964 517 1033 560 exc-

62 579 263 644 crationibus
308 579 483 643 amicitiam
522 577 645 643 Priami
687 517 857 644 adversum
893 579 1034 644 'Graecos

62 685 205 728 renuens
226 663 262 727 in
282 663 370 746 pacis
384 664 481 727 fidem
503 667 649 747 receptus
672 668 730 729 est.
773 663 824 728 his
849 664 928 728 11111
950 663 1059 728 Aiax-v

64 751 126 813 iter
148 748 190 813 ad
204 747 351 833 Phrygas
374 749 534 813 convertit
555 754 780 834 ingressusque
798 771 909 814 eorum
930 749 1033 833 regio-

63 855 138 898 nem
165 833 400 898 Teuthrantem
429 833 596 897 dominum
623 833 767 898 locorum
796 833 940 898 solitario
969 853 1034 897 111-

62 918 186 983 tamine
218 917 370 982 interficit
407 939 444 982 11
481 921 556 1000 post
592 939 711 1001 paucos
747 918 814 983 dies
851 921 1035 1002 expugnata

64 1007 162 1086 atque
185 1003 317 1066 incensa
338 1002 467 1066 civitate
495 1023 646 1087 magnam
674 1003 740 1068 vim
765 1002 902 1086 praedae
923 1001 1033 1086 trahit,

64 1087 226 1154 abducens
248 1085 448 1150 Tecmessam
475 1087 575 1150 filiam
595 1088 692 1171 regis.
1047 1106 1072 1145 10

151 1170 239 1236 XIX.
283 1171 388 1256 Igitur
409 1172 503 1236 ambo
532 1172 627 1236 duces
652 1172 762 1236 multis
784 1171 916 1236 vastatis
938 1175 1034 1254 atquc

68 1255 261 1340 expugnatis
283 1256 470 1340 regionibus
497 1256 560 1339 ipsi
584 1257 662 1320 clari
684 1261 780 1340 atque
802 1255 966 1340 magnifici
987 1257 1035 1319 in-

64 1340 156 1424 genti
184 1341 331 1422 nomine,
360 1362 418 1423 per
447 1339 572 1404 diversa
599 1341 670 1405 loca
697 1341 789 1422 quasi
817 1341 855 1404 de
877 1339 1035 1404 indushia

66 1423 179 1488 eodem
208 1428 352 1507 tempore
380 1424 420 1488 ad
448 1424 622 1489 exercitum
648 1435 857 1488 remeavere.'
882 1423 956 1489 dein
977 1445 1035 1507 per

65 1530 241 1592 praecones
269 1508 434 1574 conductis
461 1510 497 1573 in
525 1531 626 1574 unum
655 1509 778 1574 cunctis
799 1509 956 1574 militibus
979 1507 1073 1572 (lu-1⁵

66 1593 221 1676 cibusque
249 1595 411 1678 progressi
440 1594 476 1657 in
503 1593 644 1659 medium
672 1594 792 1679 singuli
820 1595 968 1659 laborum
989 1598 1035 1657 at-

66 1699 129 1760 que
151 1675 329 1743 industriae
351 1678 543 1743 documenta
564 1679 600 1742 in
621 1683 795 1762 conspectu
818 1679 961 1743 omnium
984 1699 1035 1742 ex-

66 1783 212 1846 posuere.
257 1783 339 1845 quae
361 1764 417 1827 ubi
439 1763 553 1827 Graeci
575 1762 754 1844 advertere,
776 1763 887 1828 favore
909 1762 1059 1848 ingenti·

66 1867 104 1910 11
125 1845 274 1910 laudibus
296 1868 351 1911 eos
365 1848 528 1931 prosecuti
542 1847 728 1931 mediosque
743 1851 920 1912 statuentes
937 1847 1035 1910 ramis
1097 1903 1100 1908 .

66 1932 156 1996 oleae
172 1951 376 1996 coronavere.
408 1932 483 1996 dein
498 1932 669 1997 consilium
684 1932 723 1996 de
738 1931 908 1995 dividenda
917 1931 1036 2014 praeda
1048 1949 1074 1988 20

66 2015 182 2081 haberi
203 2019 352 2098 coeptum
369 2015 508 2081 Nestore
530 2021 563 2080 et
582 2016 755 2081 Idomeneo
779 2016 814 2079 in
836 2014 1035 2078 decernendo

65 2099 200 2183 optimis
222 2101 415 2165 auctoribus,
467 2101 575 2183 itaque
604 2105 794 2164 crmctorum
815 2099 975 2163 sententia
997 2119 1036 2162 cx

66 2184 157 2249 omni
178 2184 307 2268 praeda,
331 2207 427 2268 quam
448 2184 592 2249 Achilles
614 2183 848 2268 adportaverat,
871 2187 1036 2267 exceptam

65 2267 216 2334 Eetionis
238 2270 409 2354 coniugem
431 2273 648 2353 Astynomen,
676 2291 771 2353 quam
794 2267 909 2352 Chrysi
936 2268 1036 2332 filiam

64 2373 164 2436 supra
187 2352 367 2437 docuimus,
396 2354 438 2418 ob
465 2354 623 2419 honorem
650 2354 776 2439 regium
798 2354 827 2417 A
852 2353 1074 2417 1111111111

65 2438 223 2521 optulere.
277 2438 346 2522 ipsc
374 2440 471 2502 etiam
499 2439 643 2503 Achilles
669 2441 796 2523 praeter
824 2374 909 2502 11111
936 2437 1036 2502 filiam

63 2521 319 2606 Hippodamiam
346 2522 555 2588 Diomedeam
582 2523 644 2588 sihi
671 2523 819 2601 retinuit,
848 2521 934 2605 quod
956 2522 1036 2585 eius-

65 2607 141 2670 dem
163 2607 278 2672 aetatis
300 2611 396 2691 atque
424 2608 570 2672 alimonii
598 2628 666 2672 non
693 2607 762 2672 sine
784 2627 903 2691 magno
926 2606 1036 2670 dolore

65 2691 179 2756 divelli
201 2695 353 2774 poterant
374 2696 406 2756 et
428 2693 470 2756 ob
491 2693 525 2756 id
546 2693 611 2756 iam
626 2696 721 2756 antea
741 2692 878 2776 genibus
898 2689 1035 2757 Achillis

65 2775 256 2859 obvolutae,
285 2798 326 2840 11
354 2781 578 2860 separarentur
604 2777 730 2860 magnis
757 2776 905 2860 precibus
927 2795 1035 2838 orave·
1048 2791 1073 2830 ³0

64 2865 150 2924 rant.
188 2863 331 2925 ceterum
352 2861 477 2944 reliqua
490 2860 609 2944 praeda
629 2861 751 2925 viritim
769 2861 811 2924 ob
833 2858 1035 2943 singulorum

65 2944 183 3009 merita
204 2944 375 3009 distributa
396 2949 453 3010 est.
498 2944 573 3010 dein
596 2967 677 3029 quae
695 2945 778 3009 Aiax
801 2943 1035 3028 adportaverat,

66 3027 180 3093 Ulixes
203 3033 236 3093 et
257 3027 429 3094 Diomedes
451 3034 567 3114 rogatu
596 3030 663 3094 eius
688 3029 724 3093 in
745 3028 866 3094 medios
888 3028 1035 3109 intulere,

66 3169 272 3182 u——m-——OE-

136 3237 152 3284 3
174 3234 294 3284 habebat
320 3235 345 3284 V
429 3237 444 3286 5
467 3249 605 3286 rennuens
630 3237 651 3286 G
737 3233 965 3286 ttheutandrum
989 3231 1037 3282 613

68 3304 99 3352 10
112 3301 479 3365 adducensdltecmissam
494 3302 542 3352 ΕΒ
588 3305 800 3368 15111111116
843 3305 876 3352 20
888 3300 975 3366 preda
990 3297 1037 3351 ΕΒ

67 3371 98 3418 21
117 3367 305 3420 1111111116
340 3369 544 3434 idomeneusB
612 3368 875 3420 22111111111611
938 3371 1037 3419 2311-

69 3443 180 3502 ceptam
197 3445 223 3488 11
240 3440 386 3489 coniecerat
402 3439 553 3502 Vindiapius
568 3438 597 3488 V
628 3443 743 3502 excepta
756 3437 803 3487 GB
855 3438 888 3486 24
901 3433 1037 3486 eaetionis

70 3503 117 3552 GB
154 3505 299 3571 coniugem
317 3506 519 3572 astynpmend
587 3505 795 3556 2611111611.
