2414 3946
129 223 192 270 vm
495 201 746 256 ranarnrio.

128 349 166 410 ut
188 345 321 410 iniurias
345 367 457 412 eorum
480 347 535 432 qui
558 345 599 410 ad
621 346 738 410 troiam
754 350 922 410 uenerunt
944 369 1123 412 6111116161-

129 435 194 500 citu
216 435 453 500 laomedontem
476 439 601 518 patrem
624 456 718 499 suum
736 436 928 500 occiderunt.
952 436 1121 501 hesionem

130 543 272 588 sororem
300 523 503 589 abduxerunt
529 523 568 588 de
596 523 642 588 eis
671 545 705 587 se
732 523 939 588 ulcisceretur
962 528 997 588 et
1020 525 1061 590 de
1084 547 1118 588 ea

128 633 163 676 re
192 612 240 676 uti
268 611 468 678 satisfaceret
494 615 527 676 ct
556 611 618 676 sibi
640 611 806 677 hesionem
828 613 1009 676 remittant.
1055 613 1120 677 An-

127 704 274 764 tenorem
295 701 440 786 legatum
463 700 572 764 mittit.

218 787 387 854 Consentit
410 810 483 852 cum
504 789 587 854 libro
612 787 754 854 Getiam
774 789 808 867 V,
832 788 965 854 sedhic
989 811 1116 877 quoquc

128 876 183 961 qui
205 878 303 962 longe
325 877 512 943 recentioris
536 879 585 941 est
606 877 761 962 temporis
784 877 843 961 ita,
866 880 904 941 ut
927 899 1028 962 saepe
1051 900 1118 942 mu-

127 965 218 1030 tandi
242 966 403 1051 quoddam
426 965 668 1050 corrigendique
692 965 834 1030 studium
848 965 1117 1048 deprehendatur.

126 1052 258 1118 Praeter
280 1054 366 1118 hunc
388 1057 454 1118 tres
477 1057 514 1117 ut
541 1076 639 1137 supra
665 1053 731 1118 dixi
758 1055 793 1118 in
816 1054 1017 1120 bibliotheca
1039 1055 1118 1119 Vin-

127 1142 306 1206 dobonensi
316 1144 522 1208 asservantur
529 1143 653 1208 codices
662 1141 791 1207 Daretis
805 1163 886 1207 saec.
896 1141 968 1225 XV,
981 1165 1121 1227 quorum

126 1252 211 1294 unus
238 1253 269 1294 n.
298 1231 383 1296 3221
412 1253 512 1315 prope
540 1231 581 1296 ad
607 1234 754 1296 nostrum
782 1231 916 1316 accedit,
946 1232 1068 1316 reliqui
1090 1255 1119 1296 n

127 1319 214 1384 3400
238 1324 270 1384 et
291 1340 322 1386 n.
347 1319 433 1385 3517
458 1319 499 1384 ad
520 1321 695 1405 vulgatam.

214 1407 330 1473 Eidem
356 1408 498 1472 familiae
526 1409 729 1473 adscribendi
756 1410 833 1472 sunt
862 1408 962 1472 etiam
988 1407 1120 1486 ΕΑΒ,

125 1495 160 1558 in
192 1495 308 1579 quibus
336 1498 439 1561 multa
467 1500 542 1561 sunt
569 1500 707 1580 mutata,
739 1493 914 1561 61116111Ρ2
942 1498 1058 1580 etqui
1081 1519 1118 1561 er

125 1583 187 1647 hoc
223 1584 348 1648 videtur
384 1585 514 1650 fluxisse
552 1585 590 1663 0,
630 1586 715 1649 unde
755 1583 822 1648 fere
862 1587 971 1648 textus
1011 1586 1117 1669 qualis

126 1671 309 1736 etiamnunc
323 1672 509 1760 plerumque
524 1674 745 1738 circumfertur
760 1676 849 1738 ortus
864 1675 922 1736 est.
953 1671 987 1736 N
988 1695 1045 1736 aru
1054 1674 1118 1737 edi·

125 1759 230 1823 tiones
255 1760 429 1826 admodum
442 1762 527 1826 inter
541 1784 575 1826 se
590 1762 804 1845 consentiunt,
828 1764 962 1845 excepta
976 1783 1014 1825 ea
1033 1784 1120 1846 quae

124 1846 269 1912 Venetiis
298 1871 325 1913 a.
358 1849 443 1914 1499
470 1851 603 1934 prodiit,
636 1854 669 1914 et
696 1871 769 1914 cum
800 1850 987 1934 plerumque
1010 1847 1117 1914 Dares

124 1935 233 2020 Dictyi
265 1939 524 2023 subiungeretur,
560 1961 676 2022 parum
709 1959 823 2022 operae
856 1937 932 2001 huie
963 1938 1120 2021 scriptori

123 2025 282 2091 tributum
312 2030 369 2091 est.
401 2048 484 2091 unus
516 2027 619 2092 iosias
646 2026 820 2090 Mcrccrius
853 2026 974 2108 optime
1005 2027 1048 2090 de
1078 2048 1120 2091 co

123 2109 322 2180 restituendo
345 2116 478 2180 mantus
502 2119 560 2199 est,
584 2137 678 2201 quem
702 2115 827 2180 duobus
845 2136 924 2178 usus
939 2115 1117 2199 codicibus,

123 2205 159 2265 ut
182 2203 228 2266 ait
250 2204 285 2266 in
313 2204 524 2288 praefatione,
557 2225 573 2267 e
601 2203 797 2269 bibliotheca
825 2201 855 2267 S.
878 2201 1021 2267 Victoris
1052 2203 1115 2266 Pa-

123 2289 270 2355 risiensis
292 2293 429 2377 triginta
452 2293 546 2356 annis
570 2295 645 2355 ante
669 2292 852 2374 etamplius
875 2291 1001 2355 collatis
1023 2290 1117 2356 Pari-

124 2379 180 2442 siis
205 2402 224 2442 a
249 2381 333 2445 1618
357 2382 392 2444 in
414 2381 517 2445 lucem
546 2380 700 2465 prodidit:
733 2380 790 2444 sed
819 2401 893 2444 cum
921 2379 1117 2463 scriptorem

122 2466 230 2550 ipsum
258 2490 324 2533 non
351 2470 435 2533 tanti
462 2491 532 2534 esse
560 2472 718 2552 censeret,
749 2471 786 2532 ut
816 2469 1040 2532 mutationum
1074 2470 1122 2533 ab

121 2555 194 2637 ipso
230 2555 388 2620 factarum
426 2558 585 2622 rationem
618 2556 813 2622 reddendam
851 2577 920 2621 esse
960 2563 1121 2641 censeret,

122 2665 208 2707 nune
244 2665 311 2708 non
348 2667 473 2728 semper
504 2645 597 2710 facile
629 2650 679 2711 est
711 2647 751 2710 ad
788 2644 1049 2728 discernendum,
1083 2647 1118 2710 id

122 2731 208 2816 quod
231 2733 377 2817 equidem
401 2737 535 2799 conatus
560 2757 644 2816 sum,
675 2738 784 2799 utrum
807 2734 883 2819 quid
907 2755 924 2797 6
948 2733 1116 2800 codicibus

123 2842 165 2884 an
187 2843 204 2884 e
219 2822 403 2893 coniectura
417 2823 588 2907 scripserit.
624 2822 733 2908 Digna
747 2844 828 2908 quae
843 2826 1117 2888 commemoretur

121 2912 171 2972 est
194 2909 291 2974 editio
314 2911 467 2976 Ludovici
495 2910 626 2977 Smidsii
648 2910 901 2976 Amstelacdami
930 2911 1017 2975 1702
1040 2911 1109 2975 An·

121 2996 214 3062 dreae
232 2996 403 3064 Dederichi
421 2999 555 3066 Bonnae
580 3000 674 3084 1835,
697 3001 786 3064 cuius
800 2999 927 3064 Indices
951 2999 987 3062 in
1000 3021 1114 3064 meum

121 3107 215 3150 usum
239 3091 425 3152 convertere
447 3111 514 3153 non
537 3089 689 3154 dubitavi.

209 3175 249 3239 In
266 3176 376 3240 multis
391 3177 553 3242 codicibus
567 3179 647 3242 etin
662 3177 895 3263 antiquissimis
911 3175 1111 3243 editionibus

120 3262 230 3327 addita
259 3267 308 3328 est
334 3265 446 3329 tabula
471 3269 703 3351 pugnatorum,
730 3289 812 3351 quae
835 3265 870 3329 in
892 3262 919 3327 L
941 3264 1023 3328 haec
1045 3271 1113 3331 est:

209 3351 288 3424 Quis
315 3354 515 3418 troianorum
544 3376 638 3439 quem
667 3357 700 3440 61
723 3376 891 3441 grecorum
915 3352 1112 3419 occiderunt

119 3436 252 3498 haector
259 3459 293 3500 cc
302 3441 511 3520 protesilaum
519 3445 699 3525 patroclum
706 3444 882 3508 merionem
892 3443 1113 3524 arcesa¹laum

121 3520 348 3604 Oleopelenam
371 3527 496 3592 dorium
510 3529 713 3612 pollerenam
726 3532 916 3616 philyppum
930 3533 1110 3614 antyppum
