2414 3946
141 187 183 250 28
397 201 444 248 oe
467 199 529 248 mn
551 199 681 248 utram
703 199 779 247 cnr.
796 199 853 246 xv.

143 341 241 418 perio:
276 339 328 400 scd
353 340 433 400 hunc
466 341 565 401 lerunt
592 337 757 400 naturalem
783 339 928 400 stomachi
958 339 1119 400 infirmita·

143 434 201 486 tem
225 423 405 503 crebrasque
421 423 546 485 morbidi
563 425 697 503 corporis
718 424 896 483 offensiones
917 423 990 482 atlco
1005 424 1118 483 virtute

144 509 239 569 animi
249 509 299 570 diu
315 515 511 578 sustentasse,
528 515 561 568 ut
576 510 669 584 magis
684 509 792 567 mirum
808 507 846 565 sit
861 506 898 565 ed
913 523 1007 566 annos
1023 519 1117 566 thrr

145 611 212 654 eum
228 594 316 654 vitam
332 591 489 672 pertulisse
505 610 594 670 quam
610 592 688 651 ultra
704 607 764 650 non
779 588 947 667 protulisse.

91 682 127 740 15
210 675 322 746 Quare,
350 678 534 737 sanctissime
556 673 695 744 Caerelli,
724 691 792 734 cum
813 676 901 734 istum
929 691 1041 735 aunum
1065 677 1155 752 quio

144 764 272 822 maxime
288 761 386 820 luerat
401 762 520 838 corpori
536 758 747 820 lormidolosus
762 761 826 818 sine
848 756 909 819 ullo
923 760 1118 819 incommodo
1194 773 1195 776 ’

144 847 309 915 transieris,
331 850 463 912 ceteros,
488 845 538 921 qui
558 843 685 904 leviores
700 851 783 912 sunt,
809 842 994 903 climacteras
1014 845 1118 904 minus

144 929 197 990 tihi
219 931 395 998 extimesco,
418 930 593 1006 praesertim
617 945 684 987 cum
700 929 730 986 in
745 933 775 986 te
796 927 886 986 animi
907 929 1005 1005 potius
1026 945 1118 1006 wem
1195 959 1196 962 κ

146 1015 280 1092 corporis
301 1021 437 1072 naturam
453 1013 543 1072 sciam
560 1013 721 1080 dominari,
749 1029 860 1090 eosque
874 1013 954 1070 viros
972 1013 1028 1089 ¹qui
1043 1011 1118 1072 tales

145 1100 266 1158 hierunt
289 1113 350 1156 non
365 1098 448 1174 prius
468 1098 524 1156 vita
546 1097 707 1157 excessisse
729 1113 817 1173 quam
840 1095 876 1156 ad
899 1113 1011 1154 enntrm
1032 1095 1118 1156 illum
1137 1105 1169 1153 to
1196 1090 1197 1120 ³

146 1181 381 1260 octogensimum
401 1188 430 1240 et
450 1197 542 1241 unum
563 1181 765 1258 pervenerint,
787 1181 818 1238 in
840 1199 899 1259 quo
920 1179 1004 1240 Plato
1025 1181 1119 1241 linem

145 1269 222 1327 vitae
243 1273 273 1326 et
291 1264 455 1344 legitimum
482 1281 546 1324 esse
570 1265 745 1325 existimavit
767 1269 796 1322 et
816 1263 920 1324 hahuit
939 1263 1117 1338 legitimum.

113 1363 128 1409 2
148 1352 205 1411 hoc
227 1369 305 1410 anno
328 1357 357 1412 et
377 1350 532 1428 Dionysius
552 1347 757 1417 Heracleotes,
781 1355 814 1408 ut
834 1350 893 1408 vita
913 1346 1023 1417 abiret,
1050 1349 1120 1409 cibo

147 1435 287 1496 abstinuit
303 1442 333 1495 et
348 1441 450 1495 contra
467 1433 612 1511 Diogenes
628 1433 748 1512 cynicus
763 1432 822 1492 cihi
838 1433 982 1493 cruditate
998 1434 1027 1492 in
1045 1434 1120 1493 eho·

146 1521 239 1580 leram
261 1518 375 1579 solutus
395 1523 448 1579 est.
488 1517 700 1578 Eratosthenes
715 1535 835 1595 quoquc
854 1516 903 1578 ille
924 1516 1006 1578 urhis
1019 1525 1120 1578 terra·
1139 1527 1169 1576 15
1197 1549 1198 1576 l

147 1621 214 1664 rum
236 1619 356 1662 mensor
378 1608 407 1661 el
428 1601 609 1662 Xenocrates
627 1599 797 1663 Platonicus
817 1603 926 1662 veteris
947 1601 1121 1663 academiae

114 1700 130 1747 3
148 1689 288 1766 princeps
309 1687 346 1746 ad
368 1686 495 1746 eundem
517 1703 627 1747 annum
650 1687 795 1746 vixerunt.
836 1703 897 1746 non
919 1687 1006 1764 pauci
1026 1687 1121 1746 etiam

149 1789 202 1849 per
227 1771 317 1831 animi
339 1771 472 1848 spiritum
500 1770 642 1831 molestiis
663 1771 798 1848 corporis
821 1772 968 1849 superatis
992 1768 1121 1831 limitem

148 1858 235 1916 istum
253 1855 429 1932 transgressi
444 1861 526 1924 sunt,
549 1863 582 1916 ut
597 1854 776 1924 Carneades,
799 1872 815 1914 a
832 1873 891 1933 qno
907 1856 994 1916 tertie
1009 1855 1121 1914 acade-
1198 1879 1199 1908 t

148 1942 206 2001 mia
219 1948 272 2009 est,
290 1958 365 2018 qnae
377 1940 485 2000 dicitur
496 1957 581 2008 nova,
598 1941 649 2017 qui
662 1939 698 2000 ad
710 1955 820 2000 annum
837 1939 1085 2015 nonagensimum
1094 1961 1119 2010 r,
1139 1950 1174 1999 ao

149 2024 194 2086 vel
209 2024 382 2095 Cleanthes,
406 2029 458 2100 qui
478 2041 537 2085 uno
553 2025 650 2084 minus
665 2031 784 2083 centum
807 2024 940 2103 explevit.
974 2030 1004 2083 at
1018 2023 1122 2086 Xeno·

149 2111 261 2187 phanes
277 2109 477 2188 Colophonius
499 2109 593 2168 maior
613 2125 758 2169 annorum
780 2115 898 2169 centum
914 2107 977 2169 luit.
1008 2107 1122 2171 Demo·
1199 2151 1200 2180 ,

150 2196 255 2254 critum
283 2211 403 2273 quoque
422 2191 583 2254 Abderiten
611 2201 640 2254 et
665 2192 815 2254 lsocrateu
842 2193 994 2253 rhetorem
1016 2193 1123 2254 lerunt

149 2296 243 2357 prope
264 2277 301 2337 ad
323 2278 352 2338 id
376 2279 480 2339 aetatis
501 2278 671 2355 pervenisse
695 2295 754 2356 quo
776 2277 906 2355 Gorgian
928 2277 1120 2348 Leontinum,

150 2379 238 2439 quem
258 2363 389 2422 omnium
413 2370 545 2422 veterum
562 2363 689 2422 maxime
710 2379 812 2422 senem
828 2361 918 2422 luisse
940 2370 970 2422 et
983 2369 1051 2421 octo
1069 2379 1120 2423 su·
1139 2370 1172 2419 to

115 2457 203 2526 tpra
225 2451 343 2505 centum
366 2463 459 2506 annos
481 2445 620 2506 hahuisse
642 2451 765 2506 constat.
807 2446 886 2525 quoii
907 2447 931 2506 si
952 2445 1121 2508 cultoribus

150 2530 308 2606 sapientiae
330 2531 388 2591 sive
414 2549 468 2609 per
494 2532 583 2590 animi
609 2532 746 2590 virtutem
767 2548 819 2590 seu
840 2530 905 2608 lege
927 2529 978 2590 lati
1003 2529 1121 2591 diutina

150 2613 255 2692 obtigit
274 2616 348 2685 vita,
370 2615 572 2697 nonpdespero
587 2616 658 2693 quin
675 2621 703 2674 te
719 2632 837 2693 quoquc
853 2615 902 2674 diu
917 2632 1044 2693 corpore
1067 2615 1121 2676 ad·

150 2808 353 2818 ————-—

219 2937 241 2989 l.
265 2935 421 2985 srhomncht
438 2937 464 2984 D
531 2936 556 2987 4.
575 2934 691 2998 ptulisse
714 2935 742 2983 V
805 2949 861 2986 nort
878 2949 1047 3000 pearuetsae
1065 2935 1128 2985 DV

149 3005 173 3052 5.
193 3003 290 3052 corelli
317 3003 342 3052 V
358 3018 394 3053 ιω
411 3006 452 3052 sil.
524 3017 584 3052 cum
603 3005 663 3052 din
682 3017 735 3052 ros.
806 3005 830 3052 7.
855 3016 1007 3052 naeutones
1025 3004 1050 3050 D

150 3071 191 3124 11,
211 3070 410 3135 octogesimum
432 3070 458 3119 V
525 3073 566 3120 ta.
586 3081 739 3120 exromanus
757 3071 782 3119 D
852 3072 892 3123 13.
911 3069 1045 3120 htoutstus
1064 3070 1126 3120 DV

150 3139 190 3188 15.
211 3149 343 3188 securum
362 3139 387 3186 D
457 3139 497 3188 16.
515 3151 684 3188 xenocnarts
698 3138 734 3194 D,
753 3141 933 3188 *xenocrates
947 3139 1037 3200 (erasa
1049 3136 1077 3203 e)
1097 3137 1126 3187 V

150 3203 326 3256 aohehemtee
348 3205 404 3255 DV
471 3208 512 3256 19.
535 3205 699 3256 achademis
725 3205 750 3254 V
818 3207 859 3256 20.
882 3219 957 3257 noun
980 3219 1034 3254 uer.
1052 3219 1122 3256 cne-

150 3272 256 3323 anrhes
276 3272 414 3338 (cleantes
431 3269 470 3338 V)
486 3287 532 3336 qut
550 3271 584 3324 eh
603 3285 703 3324 ornum
716 3285 942 3339 conscensurum
955 3274 1124 3338 (nonogesi-

149 3353 222 3388 mum
238 3341 272 3399 V)
291 3355 345 3390 uno
362 3354 445 3390 nonus
464 3353 578 3390 cerarum
595 3341 656 3402 DV,
675 3343 835 3406 transposuit
851 3341 964 3399 Ichnas,·
987 3343 1053 3391 lolem
1071 3356 1121 3392 cc·

150 3405 235 3453 cessit
253 3404 379 3467 (Halmius
390 3407 471 3470 vixit)
487 3415 549 3472 poet
560 3409 786 3473 nonagensimum
798 3399 959 3459 intercidisse
971 3411 1083 3460 coniecit

148 3471 190 3519 at.
209 3472 388 3534 xenophaues
407 3474 462 3522 DV
528 3476 569 3525 28.
589 3478 673 3538 etque
695 3475 722 3524 V
984 3473 987 3478 ’
