2424 3938
271 168 319 255 rin
339 199 486 256 nxouno
506 200 639 257 morin
660 200 841 256 meroen.
1007 201 1050 264 27

60 343 160 408 cavit.
214 344 291 408 laeti
323 343 455 409 Troiani
490 344 525 408 in
561 348 667 408 castra
682 349 908 430 revertuntur.
963 345 1050 431 Aga-

59 452 221 496 memnon
249 432 404 497 sollicitus
437 431 532 497 duces
559 431 594 496 in
618 432 788 497 consilium
810 433 948 517 vocavit,
977 433 1050 500 hor-

62 523 163 601 tatur,
178 524 214 584 ut
227 519 354 586 fortiter
367 524 550 604 pugnarent
562 541 666 605 neque
681 520 883 604 desisterent,
898 523 1050 606 quoniam

4 665 6 672 ,
59 608 171 672 maior
187 630 263 693 pars
283 629 322 672 ex
340 608 406 672 suis
426 611 577 692 superata
595 608 651 691 sit,
674 629 801 692 sperare
824 631 857 674 se
876 612 1050 677 exercitum

62 717 106 759 ex
129 695 234 780 Mysia
257 696 373 761 cotidie
397 701 671 780 superventurum.
1064 722 1076 762 s

156 783 261 848 XXII.
315 783 450 849 Postera
486 783 536 848 die
569 785 795 870 Agamemnon
826 789 931 850 totum
957 807 1050 863 ¹¹exer-

62 871 168 936 citum
200 876 233 936 et
265 893 376 938 omnes
408 873 504 936 duces
536 873 571 936 in
602 893 750 958 pugnam
777 873 904 958 prodire
937 877 1050 960 coegit.

60 959 181 1024 eontra
209 959 350 1025 Troiani.
400 960 437 1024 fit
464 980 583 1045 magna
610 961 736 1040 caedes,
766 962 881 1026 acriter
904 983 942 1026 ex
965 968 1050 1028 utra-

62 1067 130 1132 que
152 1051 244 1130 parte
262 1052 438 1133 pugnatur,
460 1050 563 1112 multa
585 1047 674 1113 milia
692 1049 767 1113 hino
785 1053 818 1114 et
840 1049 914 1114 inde
933 1050 1051 1116 cadunt

63 1156 129 1199 nec
143 1131 350 1201 differebatur
366 1157 490 1221 pugna,
512 1137 559 1201 ita
577 1140 613 1202 ut
627 1137 788 1202 continuis
803 1136 926 1203 LXXX
939 1139 1050 1205 diebus
1065 1162 1091 1201 ιο

62 1223 213 1289 animose
236 1228 416 1309 pugnatum
444 1225 494 1290 sit.
539 1223 767 1309 Agamemnon
788 1231 825 1290 ut
847 1226 927 1290 vidit
949 1230 1051 1293 multa

63 1311 158 1375 milia
194 1313 310 1377 cotidie
350 1312 452 1378 occidi
487 1333 590 1397 neque
626 1313 770 1382 sufficere
802 1317 946 1379 mortuos
983 1318 1052 1380 sine
1140 1391 1142 1393 ¹
1185 1355 1187 1360 .

63 1399 306 1482 intermissione
329 1400 483 1482 funerari,
510 1400 599 1464 misit
624 1401 750 1486 legatos
779 1399 898 1466 Ulixen
921 1406 953 1466 et
975 1402 1052 1469 Dio-

62 1486 194 1552 medem
223 1488 263 1553 ad
290 1488 468 1571 Priamum,
500 1492 537 1552 ut
563 1487 704 1562 indutias
734 1489 770 1553 in
795 1489 972 1554 triennium
998 1513 1052 1576 pe-

65 1579 189 1658 terent,
207 1580 244 1640 ut
263 1598 337 1641 suos
355 1577 555 1660 fimerarent,
572 1578 756 1642 vulneratos
773 1583 936 1660 curarent,
954 1601 1052 1644 naves
1066 1600 1092 1642 15

63 1663 248 1748 reficerent,
275 1665 448 1728 exercitum
476 1670 713 1748 compararent,
740 1670 955 1732 commeatum
978 1690 1051 1733 oon-

65 1751 231 1816 ueherent.
285 1750 396 1816 Ulixes
428 1755 460 1816 et
491 1750 663 1818 Diomedes
694 1758 792 1818 noctu
823 1754 863 1819 ad
889 1754 1053 1821 Priamum
1157 1773 1161 1782 ·

63 1839 192 1904 vadunt
224 1840 359 1924 [legati].
414 1841 553 1905 occurrit
588 1841 653 1905 illis
685 1861 725 1904 ex
756 1841 904 1906 Troianis
935 1841 1052 1910 Dolon.
1095 1892 1099 1900 -

64 1927 125 2012 qui
148 1949 221 1992 cum
243 1928 470 2013 interrogaret,
498 1927 574 2013 quid
603 1929 650 1994 ita
673 1929 789 1993 armati
810 1933 909 1993 noctu
933 1930 973 1994 ad
996 1953 1052 2015 op-

64 2015 181 2098 pidum
203 2015 379 2100 venissent,
408 2017 556 2082 dixerunt
579 2037 612 2080 se
636 2017 677 2080 ab
700 2014 944 2101 Agamemnone
967 2019 1053 2103 lega·
1067 2037 1093 2077 20

64 2107 120 2167 tos
149 2102 190 2167 ad
217 2101 382 2168 Priamum
409 2104 534 2170 missos.
586 2126 667 2189 quos
695 2107 731 2168 nt
758 2104 879 2168 audivit
905 2104 1053 2171 Priamus

65 2190 195 2255 venisse
218 2195 250 2256 et
274 2192 464 2258 desiderium
489 2215 581 2257 suum
604 2193 804 2276 exposuisse,
826 2193 861 2256 in
884 2195 1053 2260 consilium

65 2299 182 2343 omnes
205 2279 300 2344 duces
323 2284 491 2363 convocat,
520 2281 636 2365 quibus
659 2280 759 2345 refert
779 2280 905 2365 legatos
928 2283 1053 2347 venisse

64 2367 110 2429 ab
134 2365 393 2452 Agamemnone,
416 2373 453 2433 ut
478 2368 619 2432 indutias
642 2369 678 2432 in
700 2368 877 2432 triennium
898 2374 1053 2453 peterent.
1083 2406 1085 2410 ·

64 2451 203 2519 Hectori
220 2459 402 2539 suspectum
420 2455 547 2521 videtur
569 2457 654 2541 quod
676 2461 745 2521 tam
766 2457 901 2542 longum
922 2461 1092 2542 tempusa

143 2668 156 2715 1
177 2662 281 2718 troiani
303 2663 355 2718 leti
377 2664 403 2719 G
475 2671 490 2719 2
513 2665 544 2719 in
566 2681 640 2720 cons.
664 2665 691 2720 d.
715 2668 853 2720 conuocat
881 2666 907 2721 G
982 2674 998 2721 3
1023 2670 1055 2722 ut

63 2749 120 2787 om.
141 2731 167 2788 G
239 2739 254 2788 5
278 2734 362 2789 cotid.
386 2751 428 2790 ex.
448 2735 483 2790 de
505 2735 611 2790 moesia
634 2753 694 2804 sup.
719 2734 746 2790 G
817 2743 833 2790 6
858 2735 903 2790 die
925 2752 985 2806 serp.
1005 2738 1054 2793 lio.

68 2802 138 2858 add.
157 2802 183 2855 L
254 2810 335 2859 8ex.
356 2823 382 2859 u.
401 2807 441 2877 p]
461 2803 647 2874 utrimqueG
719 2811 753 2859 10
779 2805 849 2860 adeo
871 2805 948 2861 ute
1021 2813 1053 2862 11

69 2873 199 2928 animose
217 2889 267 2928 oro.
287 2874 313 2929 G
386 2882 418 2930 12
442 2876 540 2930 cadere
561 2876 587 2930 G
660 2881 692 2929 13
715 2874 817 2930 Ulixen
840 2880 869 2931 et
891 2875 1054 2932 Diomedem

64 2959 119 2999 om.
143 2943 170 2996 L
256 2950 289 2998 14
313 2945 355 3017 in]
380 2947 417 3000 ad
439 2946 465 2998 L
486 2949 489 3012 fl
509 2946 647 3016 peterent.
684 2945 779 3000 Ulixes
802 2949 841 3000 et
854 2944 995 3002 diomedes
1018 2947 1055 3000 ad

67 3013 216 3068 Priamum
237 3015 362 3070 veniunt.
404 3016 534 3081 Indncias
557 3016 630 3071 sicut
654 3015 814 3084 inparatum
837 3018 881 3071 est
909 3017 1056 3085 postulant

66 3084 102 3138 ut
130 3084 157 3139 L
245 3091 276 3138 15
307 3085 436 3144 funerare
465 3089 580 3158 possent
607 3088 636 3141 et
663 3101 760 3141 curare
789 3088 818 3141 et
840 3086 866 3142 G
952 3092 984 3141 16
1011 3103 1054 3141 re-

65 3155 186 3209 ficerent
208 3157 238 3210 et
256 3155 282 3210 G
298 3158 301 3224 Ι
317 3159 481 3226 repararent
499 3156 526 3212 G
541 3157 544 3228 l
561 3159 786 3226 commeatusque
806 3156 832 3210 G
848 3159 851 3224 Ι
868 3157 1056 3211 conueherent

28 3247 32 3255 1
66 3227 215 3294 (sepem.
239 3226 436 3296 subueherent)
459 3227 486 3280 L
521 3225 703 3297 pararentG
776 3232 808 3282 18
832 3227 887 3297 leg.
911 3227 947 3280 ad
965 3226 1056 3282 Pae

67 3295 160 3366 legati
185 3311 236 3350 om,
259 3297 287 3350 A
310 3313 366 3352 nore
388 3299 458 3352 male
540 3304 571 3353 19
597 3297 837 3368 interrogarentur
863 3295 913 3366 G!
934 3314 1005 3366 quur
1029 3297 1055 3351 L

67 3365 139 3434 quid
158 3365 185 3420 G
209 3365 211 3372 ’
257 3373 290 3421 21
309 3367 409 3422 missos
428 3385 487 3422 esse
507 3367 533 3422 G
604 3373 638 3422 23
657 3367 824 3422 conuocauit
843 3386 868 3435 q.
884 3385 905 3422 r.
920 3366 939 3421 l.
955 3368 991 3422 ab
1010 3383 1054 3440 ag.

64 3435 273 3561 ἳθὲἑῖεὲθῒί.
297 3437 384 3493 intr.
408 3437 553 3508 petereG
628 3443 663 3492 25
686 3437 754 3506 quia
776 3437 802 3490 L
822 3440 826 3504 Ι
846 3444 906 3492 tam
929 3454 978 3494 om.
998 3438 1056 3494 LG

86 3523 104 3560 a
195 3549 202 3561 .
