2414 3946
378 196 584 245 ostensum
606 195 681 244 cnr.
697 194 744 244 1x.
1004 181 1047 246 63

72 337 198 397 inmissa
218 337 378 398 interiores
400 335 523 413 angulos
538 338 669 398 minores
685 335 802 398 duobus
821 337 911 398 rectis
932 337 1043 410 iecerit,

73 422 185 482 eiectas
200 420 293 482 lineas
308 438 498 481 concurrere.

141 504 172 566 Si
193 503 313 582 paribus
333 506 414 584 paria
437 504 550 566 adiecta
572 504 696 576 inerint,
722 508 822 568 omnia
842 507 922 583 paria
942 513 1081 576 erunt;2

72 597 105 651 et
126 592 152 650 si
167 588 289 668 paribus
304 591 387 669 paria
402 590 530 669 dempta.
568 596 598 650 et
613 608 687 669 qnae
702 590 795 651 isdem
812 593 894 670 paria
911 597 992 660 sunt,
1016 597 1044 651 et

34 684 51 732 5
72 676 155 735 inter
170 693 202 736 se
218 675 299 753 paria
314 681 392 736 sunt.

453 875 504 927 DE
522 875 668 928 MUSICA.
1058 874 1081 931 9

138 1011 226 1072 Prior
249 1020 293 1073 est
314 1013 426 1074 musica
447 1013 617 1073 inventione
637 1011 769 1073 metrica.
808 1031 875 1073 cnm
892 1014 950 1074 sint
966 1014 1043 1074 enim

17 1105 51 1154 10
71 1097 271 1176 antiquissimi
295 1103 452 1176 poetarum
472 1097 620 1158 Homerus
639 1097 784 1158 Hesiodus
805 1097 962 1168 Pisander,
989 1097 1044 1158 hos

70 1181 170 1244 secuti
194 1179 326 1259 elegiarii
341 1180 471 1242 Callinns
485 1182 679 1243 Mimnermus
694 1181 828 1253 Euenus,
852 1200 921 1242 mox
941 1183 1043 1242 Archi-

69 1265 180 1326 lochus
208 1273 236 1326 et
257 1265 423 1328 Simonides
444 1267 611 1327 trimetrum
633 1265 810 1334 iambicum,
838 1265 974 1326 chorium
996 1285 1043 1327 ca-

68 1348 244 1413 talecticum
271 1357 464 1412 tetrametron
487 1351 712 1429 conposuerint‚
739 1349 933 1411 Archilochus
956 1352 1077 1411 etiamr

70 1441 220 1498 commata
243 1435 379 1497 versibus
403 1434 578 1513 adplicando
602 1435 723 1495 variavit
745 1435 848 1513 epodis
869 1451 923 1512 per
949 1433 1042 1513 pluri-

17 1526 50 1576 15
68 1539 137 1582 mas
160 1520 288 1597 species,
326 1521 418 1581 secuit
440 1518 561 1580 Alcman
588 1517 859 1581 numerosiorem
885 1519 992 1580 minuit
1012 1521 1043 1578 iu

68 1621 205 1666 carmen.
245 1604 314 1664 hinc
337 1605 453 1684 poetice
474 1604 587 1666 melice.
623 1611 653 1664 at
673 1603 807 1665 Telesilla
830 1605 917 1665 etiam
938 1605 1043 1682 Argiva

67 1690 250 1750 minutiores
270 1687 360 1750 edidit
375 1707 525 1750 numeros.
558 1706 633 1767 quae
648 1689 764 1768 species
778 1707 846 1750 cnm
869 1691 926 1750 iam
943 1687 1043 1766 displi-

67 1781 157 1836 ceret
184 1779 213 1834 et
231 1774 348 1850 integra
369 1772 488 1834 brevior
511 1773 673 1848 videretur,
703 1774 904 1852 magnitudine
923 1773 1043 1835 Pindari

68 1859 191 1920 adserta
208 1865 265 1928 est,
288 1860 339 1935 qui
354 1857 466 1918 liberos
481 1861 570 1921 etiam
585 1874 727 1918 numeros
742 1858 836 1919 modis
853 1857 952 1918 edidit.
987 1857 1042 1917 hos

18 1949 50 1998 20
68 1944 167 2005 secuti
182 1943 286 2004 musici
301 1943 475 2004 Timotheus
491 1951 521 2003 et
535 1942 671 2021 Polyidos
686 1949 716 2003 et
731 1941 894 2022 Hyperides
910 1947 939 2001 et
955 1940 1042 2020 Phyl-

68 2028 105 2088 lis
122 2036 154 2089 et
171 2026 350 2093 clarissimus
370 2045 437 2089 cum
453 2028 558 2107 peritia
574 2035 636 2088 tum
658 2026 824 2104 eloquentia
839 2027 1039 2087 Aristoxenus.

69 2110 217 2174 modulati
231 2113 367 2190 protinus
383 2119 497 2173 cantus.
528 2129 582 2172 nec
599 2119 698 2174 tamen
713 2109 773 2171 'sau
787 2128 848 2172 non
864 2116 949 2189 putes
965 2111 1039 2170 anti·
1059 2114 1078 2163 a

70 2199 197 2276 quiores
215 2203 321 2258 cantus
344 2214 409 2258 csse
430 2198 576 2266 numeris,
599 2197 651 2258 sed
672 2197 799 2257 rusticos
815 2201 845 2255 et
864 2193 1037 2263 inconditos,

142 2403 166 2450 1.
187 2398 255 2450 duos
274 2413 367 2449 occurs
386 2413 474 2464 peaes
493 2413 610 2449 senemr
627 2399 688 2463 DV,
708 2415 776 2450 corn.
795 2399 952 2453 Nonacrius:
974 2399 1042 2462 conf.

68 2467 450 2533 tamenGromnt.p.379,13
518 2469 544 2520 4.
563 2482 616 2532 que
638 2469 666 2518 V
732 2467 835 2518 eisdem
851 2470 933 2531 culpo,
953 2465 1044 2516 eidem

69 2538 137 2589 cuni.
156 2535 255 2584 Iahnua
324 2537 364 2586 tn.
388 2533 550 2600 Terpander
571 2537 636 2586 coni.
656 2535 779 2586 Cauchius
849 2536 888 2587 11.
907 2546 1042 2600 qanntnus

70 2616 218 2653 mruenuus
236 2617 374 2653 ennecone
392 2603 448 2652 nV
497 2602 679 2667 archiloglius
695 2603 722 2654 V
787 2606 828 2653 12.
847 2602 1042 2652 camerorumI)

70 2673 111 2723 13.
133 2668 290 2736 conposuei
310 2671 336 2721 V
403 2668 581 2721 ouohrnocutn
600 2671 657 2720 DV
722 2672 763 2720 14.
780 2682 921 2721 commone
937 2669 993 2720 DV

70 2738 170 2804 epodis
190 2738 220 2788 G.
240 2739 415 2798 Hermannus,
438 2754 471 2787 eu
487 2753 584 2804 porrus
603 2735 650 2804 (ee
666 2741 693 2789 in
710 2737 775 2802 rar.)
793 2739 827 2800 Ι),
853 2753 887 2788 ea
905 2738 997 2802 potius
1019 2738 1046 2787 V

70 2807 112 2859 15.
132 2820 262 2856 annonari
279 2806 338 2856 DV
386 2818 520 2856 numerous
537 2805 571 2866 D,
590 2822 659 2858 corr.
679 2809 703 2866 d,
722 2806 854 2858 numentis
871 2805 896 2854 V
948 2809 975 2854 et
991 2805 1040 2852 im·

68 2874 175 2924 minuit
188 2888 299 2925 carmen
318 2874 383 2924 coni.
396 2875 573 2924 Lachmannue
585 2882 689 2925 auctore
702 2875 848 2924 Hermanno
918 2873 958 2922 16.
978 2885 1043 2936 poe-

70 2956 152 2992 nicae
172 2940 230 2990 DV
295 2954 416 2992 mennae
436 2957 541 2992 annuc.-
559 2954 626 2992 unua
643 2943 681 3003 I),
700 2940 808 3008 melioq·
828 2937 987 2990 anano-illu
1009 2940 1041 2999 V,

68 3025 139 3063 corr.
155 3008 249 3059 Carrio
319 3009 417 3074 argine
433 3010 459 3059 V
526 3011 565 3060 18.
585 3010 721 3060 diceretur
736 3009 764 3058 V
829 3011 870 3062 19.
888 3021 991 3062 ciuem
1008 3009 1043 3068 D,

71 3078 160 3128 libros
180 3077 238 3139 dV,
258 3093 326 3127 corr.
350 3078 523 3128 Lachmannue
592 3075 692 3126 indidit
714 3079 778 3128 coni.
797 3077 975 3129 Lachmannus

70 3148 171 3196 omnino
191 3146 223 3195 de
240 3160 275 3195 oa.
290 3148 392 3196 13-19
410 3147 478 3210 conf.
500 3145 676 3195 &Hermann
694 3147 755 3209 epit.
774 3147 856 3198 doctr.
873 3150 945 3195 metr.
964 3145 1045 3206 §571

70 3215 112 3267 20.
131 3211 265 3274 Polyidus
284 3213 413 3279 Senliper‚
431 3212 535 3278 pondos
554 3213 610 3263 DV
658 3211 765 3277 Phyllis
783 3214 922 3275 Manutius,
942 3225 1041 3262 sonnis

71 3281 139 3338 18⁷,-
158 3281 225 3332 alias
241 3283 351 3330 circanam
369 3282 499 3332 doctorum
517 3282 676 3331 coniecturas
694 3281 726 3331 dc
743 3281 783 3331 llio
798 3283 946 3330 musicorum
963 3281 1041 3330 norni-

71 3349 144 3398 na'bua
156 3349 214 3398 vide
227 3351 298 3411 apud
309 3349 415 3398 Inhnrrm
466 3351 507 3398 21.
521 3348 623 3413 peritia
639 3349 664 3398 V
674 3351 700 3397 in
712 3365 766 3402 ras.
817 3350 857 3398 22.
871 3351 1002 3413 protenus
1018 3346 1048 3396 V

142 3431 179 3465 an
192 3431 247 3464 non
263 3417 296 3479 V,
315 3431 388 3466 auno
402 3418 434 3479 D,
454 3432 545 3466 annon
558 3417 583 3479 d,
602 3431 656 3466 non
668 3417 753 3466 codex
765 3416 885 3479 Manntii,
902 3416 971 3481 quod
980 3429 1041 3479 pro·

71 3483 115 3534 dat
129 3483 273 3534 Urlichsiue
329 3487 370 3538 23.
385 3497 506 3535 unsutcrs
520 3484 575 3534 DV
630 3483 780 3534 inconditis
796 3485 822 3534 V
826 3482 843 3548 ¹,
860 3499 929 3536 corr.
943 3500 973 3533 m.
985 3497 1045 3533 rec..
