2416 3944
183 185 226 249 30
492 186 625 238 nrorrs
644 177 846 236 caurensis

186 358 224 401 ex
248 337 319 419 quis
342 336 412 400 auri
434 339 530 419 atque
552 336 678 421 argenti
702 337 858 418 quantum
879 332 957 396 satis
984 331 1141 396 videbatm

184 421 422 506 Agamemnoni
444 421 512 506 regi
535 420 628 486 datur
649 441 686 484 ac
708 417 822 483 deinde
844 417 937 481 Aiaci
959 418 1000 481 ob
1023 419 1142 502 egregia

184 505 330 570 laborum
353 506 421 571 eius
442 506 588 570 facinora
609 503 803 569 Teuthranti
828 502 927 565 filiam
949 500 1140 565 Tecmessam

184 589 372 655 concedunt.
418 591 465 654 ita
486 589 596 654 divisis
618 590 654 653 in
676 587 821 674 singulos
850 607 931 670 quae
953 589 1140 670 supererant,

157 673 382 739 afrumentum
428 696 461 739 er
483 675 658 740 exercitum
680 672 882 756 dispertiunt.

228 773 232 782 '
266 757 337 823 XX.
425 761 449 824 's
477 759 557 826 actis
584 758 678 822 fidem
707 757 807 840 pacti,
841 756 928 839 quod
955 776 1029 819 cum
1055 755 1140 838 Poly·

181 847 319 908 mestore
341 844 573 926 intercesserat,
589 842 744 908 traditum
767 863 807 906 uc
825 837 1022 924 Polydorum
1040 843 1138 904 refert.

182 930 223 991 ob
246 949 328 1010 quae
351 929 473 992 cunctis
496 927 686 1008 decernitur,
709 931 747 990 ut
795 925 874 990 lines
897 945 970 989 cum
992 923 1139 990 Diomede

181 1011 318 1094 profecti
340 1012 381 1075 ad
402 1012 567 1076 Priamum
582 1011 740 1076 Helenam
762 1032 835 1074 cum
858 1009 999 1093 abreptis
1020 1031 1140 1092 recupe-

144 1116 169 1154 10
182 1099 307 1180 rarent,
330 1101 426 1180 atque
448 1097 494 1161 ita
515 1095 576 1162 Pol
598 1096 712 1161 dorum
740 1095 810 1180 regi
831 1094 1004 1158 traderent.
1053 1096 1059 1107 '
1087 1095 1140 1158 'tur

180 1180 231 1244 his
253 1181 461 1265 pergentibus
483 1119 663 1264 Menelaus,
693 1181 727 1244 in
756 1179 846 1244 cuius
875 1179 1012 1264 gratiam
1041 1115 1139 1275 idlae·

181 1266 306 1350 gotium
335 1267 518 1351 gerebatur,
547 1265 718 1351 legationis
752 1264 894 1330 officium
926 1264 995 1327 eius
1028 1268 1139 1347 pariter

181 1371 253 1414 cum
275 1350 465 1448 supradictis
487 1351 581 1434 capit.
632 1350 741 1433 itaque
768 1348 923 1414 habentes
950 1346 1139 1432 Polydorum

181 1434 221 1498 ad
243 1435 400 1500 Trorauos
421 1437 566 1500 veniunt.
610 1435 666 1500 sed
694 1434 750 1499 ubi
772 1432 1024 1498 animadvertere
1047 1455 1139 1516 popu·

142 1536 167 1576 15
180 1518 262 1581 lares
296 1518 414 1583 electos
445 1541 481 1584 ac
513 1521 623 1605 magni
656 1518 796 1592 nominis
829 1518 916 1582 viros
949 1515 1138 1598 adventasse,

179 1623 316 1685 propere
338 1624 429 1667 senes
452 1624 578 1686 omnes,
606 1625 743 1686 quorum
770 1602 940 1666 consilium
963 1603 1077 1666 haberi
1097 1622 1138 1665 so·

179 1687 273 1750 litum
301 1692 384 1770 erat,
415 1688 451 1751 in
478 1709 578 1752 uuum
606 1687 728 1752 ducunt
753 1687 881 1751 Priamo
910 1709 929 1750 a
956 1685 1032 1750 filiis
1061 1685 1138 1751 domi

180 1774 316 1836 retento.
378 1771 478 1856 igitur
520 1772 651 1856 reliquis
692 1772 914 1854 praesentibus
950 1770 1139 1836 Graecorum

179 1853 344 1920 Menelaus
358 1857 456 1920 verba
470 1856 563 1920 iacit:
586 1855 726 1921 secundo
741 1857 804 1920 iam
820 1878 854 1920 se
869 1856 910 1920 ob
926 1855 1062 1920 eandem
1075 1877 1138 1921 cau·

140 1959 165 1997 m
179 1961 246 2004 sam
261 1941 395 2006 venisse.
433 1963 505 2004 cum
525 1941 627 2006 multa
641 1941 705 2005 alia
719 1940 887 2004 adversum
902 1961 936 2004 se
951 1941 1137 2024 domumque

179 2045 269 2088 suam
291 2025 438 2108 admissa,
461 2030 531 2090 tum
546 2046 665 2112 magno
687 2046 759 2089 cum
775 2025 897 2109 gemitu
919 2024 1005 2089 filiae
1028 2025 1138 2090 orbita-

177 2115 243 2174 tem
258 2132 316 2193 per
330 2111 509 2174 absentiam
525 2111 672 2195 coniugis
684 2110 853 2192 conqueri:
877 2131 958 2193 quae
974 2115 1090 2175 cuncta
1103 2109 1137 2174 ab

178 2195 280 2258 amico
303 2194 465 2277 quondam
494 2199 526 2257 et
553 2195 680 2277 bospite
708 2214 776 2258 nou
798 2195 972 2258 secundum
994 2195 1138 2260 meritum

178 2298 270 2340 suum
287 2277 438 2355 evenisse.
476 2298 543 2340 cam
566 2279 707 2342 seniores
728 2278 988 2342 lamentationem
1010 2278 1137 2344 inmodi-

138 2379 163 2418 aa
177 2382 242 2424 cam
264 2382 334 2425 cum
355 2361 496 2426 lacrimis
517 2363 709 2445 accipientes
731 2362 771 2426 ad
793 2362 910 2446 omnia,
938 2384 1022 2446 quae
1042 2363 1084 2428 ab
1104 2384 1136 2426 eo

177 2443 373 2528 dicebantur,
396 2450 559 2529 tamquam
574 2447 710 2512 iniuriae
725 2447 792 2511 eius
805 2447 978 2530 participes
993 2447 1136 2513 adnuere.

260 2529 348 2594 XXI.
397 2528 477 2595 Post
504 2552 598 2614 quem
631 2529 742 2596 Ulixes
769 2531 892 2596 medius
920 2531 1051 2596 adstans
1085 2533 1137 2596 hu-

176 2613 351 2678 iuscemodi
374 2615 551 2678 orationem
566 2615 695 2680 habuit:
718 2614 833 2698 „credo
850 2637 867 2680 e
891 2637 993 2700 oros,
1009 2615 1137 2682 Troiani

175 2698 346 2782 principes,
362 2699 439 2762 satis
456 2704 652 2783 compertum
666 2700 794 2782 habere,
810 2637 893 2764 nihil
908 2705 1027 2765 temere
1045 2699 1136 2766 Grac·

137 2800 162 2841 ³0
177 2804 241 2865 coe,
263 2782 348 2848 nihil
361 2783 582 2848 inconsultum
596 2784 737 2868 incipere
753 2784 864 2867 solere,
893 2806 930 2850 ac
951 2807 1078 2868 semper
1091 2785 1136 2848 his

175 2869 239 2931 iam
266 2873 336 2932 tum
366 2868 581 2933 amaioribus
615 2871 779 2952 provisum
808 2873 904 2953 atque
930 2869 1136 2950 elaboratum,

244 3055 477 3108 imitabantur-G
528 3057 754 3109 3theutranti6
776 3058 932 3109 tecmissam
946 3057 1002 3110 GB.
1049 3059 1135 3120 tsorr.

174 3124 247 3172 inter
266 3123 389 3187 singulos
410 3125 631 3174 scribendum‘eat
700 3129 729 3175 11
753 3125 846 3191 gratia
863 3124 911 3175 GB
946 3127 1065 3190 gratiam
1088 3124 1136 3174 PV

175 3193 206 3240 17
226 3190 395 3256 conducunt,
415 3193 485 3258 quod
500 3195 576 3242 uoluit
597 3191 769 3256 Woplceoeiue
787 3193 839 3242 PV
856 3193 892 3243 ci.
908 3195 965 3244 cd
989 3199 1018 3243 et
1043 3195 1086 3253 19,
1108 3191 1133 3238 in

174 3273 257 3308 unum
276 3265 377 3310 coeunt
399 3273 420 3310 c.
441 3261 474 3310 30
543 3261 574 3310 18
592 3260 810 3323 presentibusd
878 3263 912 3310 24
934 3276 968 3312 ea
990 3275 1011 3310 s.
1037 3261 1133 3310 lamen-

173 3327 279 3376 tatione
298 3326 434 3377 inmodica
454 3325 514 3388 ΕΒ,
534 3343 602 3380 corr.
625 3329 652 3377 in
669 3329 709 3380 ed.
729 3327 801 3378 Crat.
875 3329 908 3378 26
926 3327 1066 3378 aduenere
1090 3323 1133 3376 ΕΒ

173 3393 205 3441 27
224 3407 305 3456 quam
319 3393 366 3442 GB
434 3395 468 3444 30
484 3394 649 3456 inconsulte,
669 3397 738 3459 quod
754 3403 893 3459 optauerat
910 3395 1089 3459 Wopkencar,
1104 3393 1132 3443 V·

174 3459 223 3508 sed
241 3459 275 3520 ef.
291 3458 324 3521 V,
342 3463 358 3508 6
376 3475 409 3508 ea
428 3475 499 3522 quae
513 3467 597 3512 antea
615 3467 696 3526 gesta
710 3469 801 3512 essent
818 3467 919 3513 temere
938 3468 966 3512 et
980 3461 1133 3514 inconsulta

172 3527 204 3575 -31
223 3524 380 3575 laboratum
398 3542 448 3576 uon
465 3530 528 3576 male
541 3528 601 3576 PV.
732 3541 735 3548 ·
