2460 3940
365 157 477 208 BELLI
495 157 646 209 TROIANI
664 159 733 210 LIB.
752 161 786 213 V.
1016 159 1058 224 95

12 293 16 299 ¹
89 311 226 372 matrem
257 305 366 372 Solem
387 307 514 372 Lunam
545 311 641 391 atque
664 306 828 380 Oceanum
854 310 934 390 fore.
982 311 1057 376 dein

90 391 206 458 excisis
227 392 263 455 in
284 394 392 475 partes
415 391 494 456 duas
507 392 631 476 hostiis,
655 415 736 477 quae
759 393 798 458 ad
822 416 892 459 eam
914 395 1057 460 11111111-

89 481 199 542 motae
221 480 327 560 erant,
356 477 403 540 ita
430 477 479 541 uti
506 498 580 560 pars
607 477 648 542 ad
675 477 798 562 Solem,
826 479 989 544 residuum
1017 480 1058 544 ad

89 584 190 627 naves
213 564 405 646 expectaret,
426 583 485 646 per
506 561 647 626 medium
673 566 851 629 transeunt.
896 564 971 629 dein
993 566 1059 629 An·

90 651 187 712 tenor
207 646 243 710 in
266 645 376 710 eadem
399 649 497 711 verba
516 646 671 730 placitum
700 647 876 714 confirmat.
920 650 967 714 ita
988 665 1083 732 per-⁵

89 731 176 796 fecto
199 730 332 816 negotio
355 731 395 794 ad
417 752 492 795 suos
508 731 642 828 quisque
657 733 786 796 abeunt.
825 736 967 798 ceterum
988 734 1058 798 bar·

90 817 162 881 bari
184 817 386 880 Antenorem
409 837 541 893 sumnus
564 815 675 880 efferre
697 817 860 901 laudibus,
888 819 1058 883 advenien-

89 905 158 966 tem
179 900 301 985 singuli
324 901 415 984 quasi
438 899 532 964 deum
547 901 709 965 venerari:
732 901 835 966 solum
851 904 971 987 quippe
993 925 1059 968 om—

89 985 184 1050 nium
206 983 332 1049 credere
355 988 519 1050 auctorem
546 985 635 1068 pacis
664 985 732 1050 eius
761 985 963 1071 adscitaeque
986 1010 1058 1052 cum

91 1069 224 1136 Graecis
246 1069 413 1134 amicitiae.
455 1069 502 1134 ita
523 1071 629 1153 sopito
652 1070 717 1134 iam
739 1070 853 1136 exinde
880 1072 965 1137 bello
988 1089 1097 1156 pas-10

90 1155 163 1237 sim,
186 1155 235 1219 uti
250 1155 384 1237 quisque
406 1153 547 1237 partium
567 1155 722 1238 voluerat,
745 1178 832 1221 nuno
849 1157 963 1221 Graeci
986 1179 1059 1221 cum

90 1239 242 1303 Troianis
264 1261 436 1322 rursusque
459 1238 494 1302 111
516 1239 601 1322 apud
622 1261 721 1304 naves
744 1241 844 1305 amice
868 1261 972 1326 agere.
1011 1243 1058 1305 11-

89 1323 187 1388 terim
215 1324 272 1386 ubi
299 1323 412 1388 foedus
440 1323 673 1407 intervenerat,
709 1326 816 1390 cuncti
849 1326 1059 1390 barbarorum

91 1408 181 1492 socii,
205 1408 261 1492 qui
281 1407 367 1472 bello
389 1407 508 1472 residui
531 1414 632 1492 erant,
655 1409 853 1493 gratulantes
874 1411 1059 1475 interventu

90 1493 180 1578 pacis
202 1492 243 1556 ad
265 1515 340 1556 suos
366 1493 534 1557 discedunt
554 1515 595 1558 ne
618 1493 797 1577 operientes
819 1495 947 1578 quidem
969 1508 1097 1579 prae-1⁵

90 1578 159 1642 mia
178 1580 344 1641 tantorum
372 1577 592 1642 discriminum
620 1585 717 1662 atque
744 1601 978 1663 aerumnarum,
1002 1581 1059 1644 sci-

89 1663 169 1726 licet
195 1662 305 1746 veriti,
334 1683 375 1727 ne
403 1685 467 1746 111
493 1663 582 1746 pacti
609 1663 688 1728 fides
717 1663 803 1747 apud
823 1664 976 1729 barbaros
999 1664 1059 1728 dis-

90 1746 280 1812 solveretur.

8 1845 9 1848 ’
178 1830 234 1896 XI.
271 1830 406 1895 11111111
429 1831 515 1914 apud
536 1853 644 1915 naves,
668 1833 716 1896 uti
737 1832 863 1898 Heleno
885 1833 1058 1916 placuerat,

91 1937 194 2000 equus
221 1915 374 1980 tabulatis
401 1917 560 1980 extruitur
586 1939 644 2000 per
672 1915 807 2000 Epium,
834 1917 1059 1982 fabricatorem
1073 1932 1098 1972 ²0

91 2001 163 2064 eius
185 2001 307 2084 operis,
336 2001 388 2064 oui
417 1999 501 2065 edito
525 2001 559 2064 in
581 2001 764 2064 inmensum
786 2001 866 2085 11111,
895 2024 976 2085 quaa
999 2003 1058 2066 sub

89 2084 227 2170 pedibus
250 2089 351 2167 erant,
373 2085 453 2149 rotis
476 2085 675 2168 interpositis
697 2087 916 2169 suspenderat,
939 2086 1060 2151 scilicet

91 2189 159 2253 quo
182 2168 327 2233 adtractu
350 2173 457 2234 motus
478 2169 606 2234 facilius
628 2169 728 2234 foret:
758 2192 853 2255 quem
876 2171 983 2236 offerri
1006 2170 1059 2235 do·

89 2276 172 2318 num
194 2253 359 2318 Minervae
387 2254 577 2336 maximum,
608 2255 752 2320 omnium
782 2277 837 2320 cre
866 2256 1059 2340 agitabatur.

91 2341 236 2404 ceterum
259 2339 345 2422 apud
359 2337 490 2403 Troiam
511 2339 581 2402 auri
602 2343 697 2422 11111
720 2340 846 2425 argenti
860 2340 1058 2424 praedictum
1071 2357 1096 2396 2⁵

88 2423 219 2508 pondus
241 2445 299 2507 per
313 2425 511 2488 Antenorem
528 2427 624 2508 atque
639 2425 783 2488 Aeneam
806 2447 931 2489 summo
952 2425 1058 2490 studio

89 2510 128 2572 in
151 2507 261 2572 aedem
277 2507 442 2572 Minervae
457 2508 656 2592 portabatur.
695 2513 727 2573 et
742 2509 865 2592 Graeci,
882 2505 1060 2606 postquam

89 2592 214 2658 auxilia
240 2593 401 2658 sociorum
435 2592 565 2657 dimissa
600 2593 766 2678 cognitum
799 2598 863 2677 est,
893 2595 1059 2678 inpensius

88 2698 206 2761 pacem
228 2681 323 2762 atque
342 2677 521 2754 ¹amicitiam
549 2678 711 2762 agitavere
733 2679 824 2743 nullo
854 2678 967 2743 exinde
989 2681 1059 2744 bar-

89 2764 245 2828 barorum
266 2763 438 2827 interfecto
469 2766 525 2827 aut
551 2762 737 2845 vulnerato,
767 2785 830 2847 quo
858 2764 960 2847 magis
989 2763 1097 2826 111111

90 2845 162 2910 ulla
177 2845 407 2911 discordiarum
423 2847 601 2930 suspitione
622 2847 707 2931 apud
722 2847 831 2912 hostes
852 2847 951 2910 fuere.
985 2845 1060 2910 dein

8 2953 14 2966 ’
91 2953 213 3015 equum
242 2935 445 3014 compactum
475 2931 606 2996 adfabre
635 2933 861 3015 confixumque
889 2931 929 2994 ad
950 2952 1060 2996 muros

90 3019 227 3080 movent
259 3017 488 3099 praenuntiato
516 3015 680 3100 Troianis,
714 3017 764 3080 uti
797 3037 869 3080 cum
903 3016 1060 3100 religione

92 3101 311 3185 susciperent,
341 3100 506 3166 Minervae
536 3101 658 3166 scilicet
690 3123 813 3166 sacrum
847 3101 1059 3183 dicatumque.

160 3321 211 3376 XI.
230 3321 286 3376 XII
304 3323 420 3376 Oedren.
438 3326 460 3377 P
480 3325 527 3376 131
548 3326 605 3377 132.

160 3511 194 3560 22
213 3509 326 3562 facilior
342 3512 373 3562 P.
