2424 3938
157 194 202 258 26
485 193 644 250 Denaris
662 192 814 248 PHRYGII

156 337 354 404 Arcesilaum
373 337 624 403 Prothoenorem
643 337 767 402 oecidit.
803 358 868 402 nox
885 338 1044 420 proelium
1067 337 1144 402 diri-

158 426 226 490 mit
270 425 497 511 Agamemnon
523 429 622 490 noctu
648 425 684 489 in
710 425 881 491 eonsilium
910 446 1023 490 omnes
1046 425 1144 490 duoes

158 518 314 580 eonvoeat
340 513 453 580 suadet
478 514 640 596 hortatur,
666 517 704 578 ut
730 534 841 578 omnes
871 513 907 576 in
938 513 1041 578 aciem
1069 536 1143 597 pro-

159 602 256 666 deant
287 606 320 667 et
346 603 485 666 maxime
511 599 683 666 Hectorem
715 605 961 686 persequantur,
993 602 1072 687 quia
1105 603 1144 665 de

128 690 209 754 shis
233 690 357 776 aliquos
380 688 477 755 duees
499 689 692 754 fortissimos
716 688 841 754 oceidit

247 777 335 842 XXI.
389 777 485 842 Mane
521 777 607 842 laeto
643 775 763 842 Heotor
799 775 927 842 Aeneas
959 775 1145 842 Alexander

159 867 332 931 exereitum
364 866 510 954 educunt
565 886 676 931 omnes
712 865 807 930 duoes
839 864 1038 930 Achivorum
1070 887 1145 948 pro·

160 954 266 1019 deunt.
302 955 340 1018 fit
361 975 481 1039 magna
502 951 624 1018 oaedes.
663 954 767 1018 multa
788 953 879 1018 milia
899 953 1040 1018 invicem
1061 951 1145 1018 Oreo

159 1041 373 1108 dimittuntur.
414 1041 579 1106 Menelaus
602 1040 822 1108 Alexandrum
850 1041 1000 1126 persequi
1023 1042 1145 1124 eoepit:

117 1147 147 1186 1⁰
160 1150 255 1215 quem
286 1130 460 1213 respiciens
492 1128 675 1194 Alexander
711 1129 832 1214 sagitta
862 1128 1002 1193 Menelai
1040 1129 1147 1192 femur

159 1217 329 1303 transfigit.
373 1217 428 1282 ille
456 1217 564 1283 dolore
592 1221 770 1283 commotus
796 1217 918 1300 pariter
948 1237 1021 1280 eum
1045 1215 1146 1281 Aiaee

160 1303 262 1370 Locro
293 1327 361 1371 non
397 1310 524 1370 nessani
556 1327 630 1370 eum
665 1306 823 1391 persequi.
881 1326 961 1391 quos
995 1309 1033 1368 ut
1065 1305 1146 1368 vidit

159 1392 281 1458 Heotor
307 1394 466 1458 instanter
492 1393 625 1458 fratrem
659 1415 751 1458 suum
784 1392 946 1478 persequi,
979 1393 1144 1476 subpetias

161 1503 235 1546 oum
261 1481 372 1546 Aenea
399 1482 547 1546 eivenit
593 1502 688 1565 quem
710 1480 838 1546 Aeneas
867 1480 970 1564 elipeo
993 1482 1144 1564 protexit,

118 1585 146 1627 us
160 1573 193 1632 et
216 1569 254 1633 de
276 1570 398 1652 proelio
412 1569 453 1634 ad
467 1570 630 1635 civitatem
652 1591 760 1634 seeum
782 1568 924 1633 adduxit.
963 1589 1030 1632 nox
1054 1590 1143 1651 proe-

159 1656 240 1720 lium
271 1657 401 1722 dirimit.
453 1657 595 1722 Achilles
633 1661 763 1741 postera
798 1656 848 1721 die
880 1677 955 1721 oum
987 1655 1143 1720 Diomede

160 1744 333 1808 exereitum
369 1745 483 1810 educit.
542 1750 655 1811 eontra
690 1743 811 1810 Hector
847 1749 880 1808 et
909 1743 1050 1809 Aeneas.
1110 1745 1144 1808 fit

159 1852 280 1917 magna
302 1833 427 1898 caedes:
455 1831 576 1899 Hector
604 1832 836 1898 Oroomeneum
860 1832 1046 1896 Ialmenum
1068 1832 1143 1916 Epi·

160 1920 328 2005 strophum
350 1919 520 1986 Schedium
540 1921 779 2006 Elephenorem
797 1921 920 1985 Dioren
942 1917 1144 2004 Polyxenam

116 2026 147 2066 20
160 2007 255 2074 duces
293 2009 421 2092 oceidit,
457 2010 584 2074 Aeneas
620 2009 890 2093 Amphimachum
930 2012 963 2072 et
999 2007 1144 2089 Nireum,

160 2095 302 2162 Achilles
333 2095 537 2180 Euphemum
568 2095 792 2180 Hippothoum
826 2095 980 2179 Pyleeum
1013 2096 1144 2162 Astera

156 2205 284 2267 pereum,
306 2184 478 2250 Diomedes
500 2184 682 2267 Antiphum
703 2184 869 2249 Mestlden.
915 2182 1146 2268 Agamemnon

160 2275 197 2336 ut
222 2273 303 2336 vidit
329 2273 424 2337 duces
456 2272 650 2338 fortissimos
672 2273 846 2355 eeoidisse,
879 2291 1024 2356 pugnam
1055 2293 1145 2337 revo-

233 2468 246 2516 1
276 2463 447 2518 arohilooum
478 2461 535 2517 LG
585 2463 745 2518 aroisilaum
777 2463 829 2531 M,
861 2462 935 2516 arde
967 2462 1147 2517 Arcesilaum

159 2533 269 2586 restitui
289 2536 293 2600 Ι
312 2535 489 2601 protenorem
507 2533 564 2587 LG
635 2539 651 2587 2
673 2535 909 2604 Agamemnon—
921 2531 1025 2586 oceidit
1048 2547 1105 2588 om.
1122 2533 1148 2586 L

160 2609 177 2656 7
201 2602 284 2656 duoes
307 2619 357 2657 ora.
382 2603 408 2657 G
428 2606 432 2669 Ι
451 2604 621 2674 Argiuorum
643 2603 669 2658 G
744 2609 760 2659 8
783 2603 905 2657 inuioem
927 2618 978 2656 ora.
997 2600 1024 2656 G
1044 2604 1049 2667 l
1075 2603 1148 2658 Oreo

161 2671 352 2743 dimittuntur]
363 2676 452 2728 morte
462 2673 666 2729 dirimunturG
697 2673 945 2729 interimunturM
1007 2677 1039 2725 12
1052 2679 1149 2728 eessat

161 2743 188 2798 G
227 2743 582 2815 'lteisuppoumenea
601 2763 633 2798 su
654 2744 756 2799 eruG
821 2749 853 2797 15
868 2746 898 2797 et
911 2741 1046 2798 seeumG
1117 2750 1148 2797 18

63 2865 64 2868 ,
159 2829 328 2869 oroomenen
341 2814 399 2869 LG
413 2816 418 2882 l
433 2814 611 2884 palemonem
655 2814 682 2870 G
712 2815 867 2868 Ialmenum
880 2813 1049 2868 Dederictue
1067 2817 1072 2874 1
1091 2815 1150 2883 epi-

160 2884 280 2939 strofum
294 2883 351 2940 LG
412 2891 448 2939 -1e
463 2885 587 2940 soedium
601 2885 658 2941 LG
674 2891 678 2951 Ι
693 2885 753 2940 oleo
767 2884 816 2940 liel
829 2884 982 2953 phenorem
996 2882 1022 2935 L
1054 2882 1108 2938 hel
1129 2885 1149 2937 i-

161 2959 257 3010 horem
276 2953 302 3009 G
318 2957 323 3023 Ι
339 2954 448 3010 dorium
465 2954 523 3010 LG
538 2961 542 3023 1
558 2956 644 3025 polix.
663 2955 720 3011 LG
791 2961 825 3009 20
848 2955 955 3009 Eueam
974 2903 1149 3024 Glamphi-

160 3043 272 3080 manum
290 3024 316 3081 G
352 3025 567 3096 enphimaehum
587 3026 614 3079 L
628 3031 633 3094 Ι
648 3025 758 3082 nerium
777 3026 814 3079 M
846 3028 955 3079 metum
973 3023 1000 3078 G
1023 3023 1089 3090 (om.
1115 3029 1149 3092 et)

159 3099 285 3152 moetnm
298 3095 338 3162 L,
355 3097 388 3150 in
405 3097 529 3165 mareiae
546 3098 576 3151 et
590 3113 705 3153 nereum
776 3102 809 3150 21
829 3093 1033 3165 euphemumG
1071 3095 1149 3149 eufe-

121 3191 125 3200 «
161 3185 239 3221 mum
265 3166 292 3220 L
316 3169 320 3235 Ι
344 3166 502 3236 hyppotum
530 3165 556 3222 G
600 3167 738 3238 hypotum
764 3166 791 3220 L
815 3169 819 3233 Ι
843 3165 971 3236 phileum
996 3163 1099 3219 Gom.
1125 3165 1150 3218 L

160 3235 279 3304 Pyleum
303 3237 456 3292 Macareus
475 3239 479 3306 l
500 3237 632 3292 asterium
650 3238 676 3290 L
720 3240 861 3292 astoraum
879 3235 906 3290 G
941 3235 1148 3304 Asteropaeum

161 3306 331 3362 Dederiehue
410 3312 444 3362 22
467 3308 636 3380 xantippum
663 3307 721 3363 LG
770 3306 926 3376 Antiphum
954 3306 1146 3374 Declaratur!

220 3387 232 3414 Θ

161 3386 270 3477 mehten
287 3426 314 3477 L
353 3430 521 3483 mnestorem
540 3428 567 3484 G
607 3429 757 3486 Mesthlem
777 3431 930 3485 Mercurius
1006 3434 1040 3482 23
1062 3428 1147 3483 duces

163 3505 214 3542 om.
232 3491 271 3556 G,
289 3509 350 3560 sup.
369 3497 418 3550 lio.
438 3498 501 3551 add.
521 3498 553 3552 L.
