2416 3944
165 227 220 302 38,
470 223 602 276 DICTYS
621 222 824 276 caesareis

249 373 369 440 XXXI.
406 373 497 437 Tunc
512 375 739 457 Agamemnon
753 373 938 438 coniectans
953 373 1041 456 quod
1056 393 1135 438 mcx

163 460 288 543 accidit,
311 459 446 525 consilio
461 458 577 522 tacitus
592 477 738 541 egressus
760 461 903 539 cunctos,
919 478 1000 540 quos
1022 478 1134 521 secum

161 545 335 628 habuerat,
357 543 393 608 in
414 543 511 608 armis
533 563 602 606 esse
623 541 721 606 iubet
764 541 798 605 id
820 542 876 606 ubi
898 540 1043 606 Achilles
1066 543 1136 606 ani-

161 629 348 711 massariis,
387 630 567 692 commotus
603 627 650 690 rei
678 625 902 773 indipnatione
940 625 1037 690 simul
1063 647 1135 708 per-

136 715 245 778 snicie
274 712 388 778 defessi
417 711 573 776 exercitus
595 711 709 774 anxius
764 711 968 775 clunctorum
996 731 1135 794 corpora

161 797 379 862 miserandum
406 797 442 860 in
469 795 598 860 modum
625 794 774 860 confecta
801 795 944 878 undique
972 796 1008 858 in
1029 817 1134 860 unum

161 882 271 967 colligi
299 882 389 946 iubet
416 884 511 964 atque
539 881 575 944 in
601 884 763 944 conventu
797 883 872 944 ante
900 900 958 944 ora
986 881 1136 945 omnium

160 967 273 1050 proici.
317 988 381 1048 quo
403 964 585 1048 spectaculo
607 963 687 1028 adeo
710 965 863 1029 commoti
891 984 983 1048 reges
1006 969 1135 1050 gentes-

162 1072 225 1134 que
249 1071 369 1132 omncs‚
392 1050 441 1114 uu
461 1049 629 1113 adversum
642 1050 922 1134 Agamemnonem
943 1049 985 1113 ab
1008 1052 1137 1114 cunctis

125 1154 150 1192 ιο
162 1138 351 1221 pergeretur
378 1133 457 1198 duce
486 1139 582 1217 atquc
605 1136 735 1198 auctore
756 1133 885 1198 Achille
908 1134 990 1198 etsi
1011 1138 1136 1218 persta-

165 1225 216 1284 ret
251 1218 404 1284 suadente
437 1219 536 1282 exitio
563 1217 800 1282 vindicandum.
858 1239 939 1301 quac
973 1218 1030 1282 ubi
1064 1221 1137 1304 regi

162 1305 327 1387 nuntiata,
355 1304 532 1388 pertinacia
560 1303 660 1368 animi
687 1324 730 1366 an
752 1304 793 1368 ob
822 1323 964 1367 amorem
986 1304 1137 1386 captivae

163 1394 279 1456 cuncta
301 1391 444 1454 extrema
464 1392 553 1452 ratus
576 1387 713 1471 experiri
735 1387 819 1450 nihil
840 1387 1073 1452 remittendum
1096 1388 1137 1452 de

163 1474 323 1538 sentenfia
343 1474 568 1537 destinaverat.
650 1483 654 1490 '

124 1575 150 1617 rs
248 1557 382 1621 XXXII.
418 1557 469 1622 Ea
489 1561 660 1640 postquam
675 1555 807 1620 Troiani
822 1577 1014 1640 cognovere,
1037 1557 1138 1622 simul

162 1663 202 1706 ex
230 1641 330 1706 muris
358 1641 644 1725 conflagrationem
675 1661 848 1724 corporum
879 1640 1042 1705 assiduam
1070 1663 1138 1706 cre

162 1727 299 1809 brasque
321 1725 501 1809 sepulturas
523 1723 777 1789 animadvertere
791 1725 942 1808 doctique
965 1726 1065 1790 etiam
1088 1749 1139 1791 re-

161 1810 269 1892 liquos
290 1808 494 1874 incommodo
517 1809 616 1873 cladis
638 1809 707 1873 eius
736 1808 857 1873 debiles
879 1829 991 1894 agere,
1021 1809 1139 1875 cohor-

161 1895 224 1958 tati
254 1894 339 1959 inter
366 1915 399 1958 se
428 1915 517 1958 orma
544 1894 676 1977 capiunt
703 1914 741 1958 ac
768 1915 904 1977 propere
933 1914 1006 1958 cum
1035 1917 1139 1960 manu

125 1997 150 2040 ao
164 1979 312 2044 auxiliari
339 1979 432 2042 effusi
459 1978 561 2062 portis
589 1982 730 2062 pergunt
762 1979 941 2042 advorsum.
992 1999 1030 2042 ac
1060 1979 1140 2044 dein

162 2085 221 2148 per
242 2086 372 2148 campos
395 2064 536 2128 exercitu
557 2062 711 2146 bipertito
732 2061 883 2127 Troianis
904 2061 1037 2146 Hector,
1063 2062 1138 2129 Sar·
1206 2087 1207 2132 3

162 2149 269 2232 pedon
303 2149 510 2213 auxiliaribus
544 2149 638 2211 duces
670 2145 757 2210 facti.
813 2150 882 2210 tum
915 2148 1021 2212 nostri
1055 2149 1137 2214 visis

164 2237 277 2297 contra
296 2232 444 2296 hostibus
467 2231 582 2296 armati
610 2235 706 2313 atque
734 2231 883 2295 instructi
910 2252 970 2314 pro
1000 2235 1138 2318 negotio

166 2316 303 2399 simplici
325 2309 430 2380 fornia
452 2316 553 2380 aciem
574 2335 782 2398 composuere
804 2315 889 2380 eirca
910 2336 1033 2380 cornua
1057 2318 1139 2382 divi-

128 2401 210 2466 assis
233 2400 381 2465 ducibus:
404 2399 551 2464 dextrum
573 2399 716 2463 Achilles
739 2420 812 2463 cum
834 2398 1028 2482 Antilocho,
1058 2403 1138 2468 alte

165 2507 236 2550 rum
259 2485 342 2549 Aiax
364 2483 569 2550 Telamonius
592 2505 664 2548 cum
686 2482 842 2548 Diomede
871 2485 1044 2568 curabant,
1072 2509 1140 2552 mc
1205 2497 1206 2548 ὲ

165 2570 234 2633 dios
250 2590 398 2652 accepere
413 2569 497 2632 Aiax
512 2569 593 2634 alter
613 2572 709 2652 atque
722 2568 913 2633 Idomeneus
928 2567 992 2632 dux
1014 2575 1140 2636 noster.
1205 2597 1206 2656 q

166 2655 229 2718 hoc
250 2653 346 2719 modo
369 2654 511 2718 exercitu
533 2654 695 2735 utrimque
717 2654 895 2736 composito
912 2659 1057 2801 pergunt
1081 2657 1139 2721 cb-

166 2739 261 2802 viam.
306 2742 340 2802 at
360 2739 416 2802 ubi
437 2739 473 2802 in
495 2760 608 2803 manus
630 2740 847 2821 ventumst,
874 2759 913 2802 co
939 2739 1036 2803 ortati
1060 2761 1140 2806 suos

126 2823 638 2991 sqqoqueoearqsmppngffi
654 2825 844 2991 ‘tritt
860 2822 1143 2992 Pappum

186 2993 430 3058 succollantibus
453 2994 489 3057 in
510 3014 548 3056 ea
568 3012 679 3076 pugna
706 2991 917 3056 barbarorum
938 2991 1083 3058 Hectore
1107 3000 1142 3059 et

162 3016 358 3160 darpedone,
382 3078 576 3143 Graecorum
598 3075 755 3141 Diomede
778 3097 850 3140 cum
865 3075 1024 3141 Menelao.
1061 3078 1141 3144 dein

163 3184 229 3226 nox
258 3161 438 3227 communis
466 3161 633 3247 amborum
660 3161 786 3244 requies
813 3161 973 3244 proelium
995 3162 1140 3229 diremit.

168 3301 370 3310 ..w—nn-

231 3369 246 3416 2
266 3381 318 3431 que
339 3366 374 3417 6¹
445 3370 461 3418 3
478 3366 658 3418 habuerat-
669 3365 868 3417 animaduertit
887 3367 909 3417 G
927 3369 953 3418 r'n
970 3383 1051 3433 musy.
1124 3373 1140 3421 8

164 3433 304 3484 adeumG
374 3436 405 3484 12
432 3435 624 3498 pertinatiaG
694 3435 725 3484 13
735 3439 852 3499 paratus
874 3436 906 3496 V,
930 3437 1000 3501 quod
1015 3440 1141 3500 crispica-

165 3509 204 3551 tus
226 3501 358 3551 autetiam
375 3503 526 3553 Perizonius
594 3503 627 3552 25
646 3501 765 3552 antiloco
785 3501 833 3552 GB
902 3504 933 3553 31
953 3501 1067 3567 plurimi
1087 3521 1139 3559 om.

167 3567 223 3633 GB,
241 3567 334 3618 tabent
350 3569 405 3618 PV
465 3571 498 3620 3¹2
516 3568 699 3619 barbarumd
718 3575 739 3601 ¹⁰
757 3572 782 3619 1.
801 3585 832 3624 m.
851 3583 908 3634 sup.
926 3585 978 3620 scr.
