2416 3944
176 193 220 258 40
487 193 618 246 DIGTYS
638 193 836 244 CRETENSIS

178 348 227 410 tot
253 343 412 408 bellorum
439 342 589 406 victorias
623 363 660 406 ac
693 340 779 406 facta
805 341 904 406 fortia
930 341 1141 426 Hippodamia

179 449 365 493 eoncessum
392 448 452 511 pro
485 426 649 492 laboribus
681 427 860 509 praemium
899 448 957 510 per
994 428 1141 493 iniuriam

179 512 316 578 abducta
337 516 430 578 esset
467 510 542 576 dein
564 511 727 576 venientes
749 510 790 574 ad
811 531 845 575 se
861 511 955 576 duces
970 511 1061 577 aditu
1075 535 1141 596 pro

179 598 291 662 hibere
312 618 417 681 neque
445 595 595 679 cuiquam
622 595 799 660 amicorum
820 595 1002 680 ignoscere,
1024 597 1142 680 quise,

154 682 349 748 cadversum
370 680 623 766 Agamemnonis
645 679 856 744 contumelias
882 701 955 744 oum
978 680 1141 746 defendere

179 768 299 850 liceret,
323 766 546 832 deseruissent.
583 765 671 829 intus
692 764 793 850 igitur
806 786 941 829 manens
962 763 1142 830 Patroclum

180 857 213 917 et
234 851 428 934 Phoenicen,
450 849 537 914 hunc
558 870 686 914 morum
706 849 906 933 magianum,
934 849 1072 914 alterum
1093 850 1143 914 ob·

180 936 299 1020 sequiis
322 935 482 1000 amicitiae
504 955 630 1018 carum,
659 937 691 997 et
713 933 859 1018 aurigam
881 957 975 998 suum
995 936 1143 1000 Autome-

181 1020 312 1084 dontem
335 1041 442 1084 secum
463 1018 632 1083 retinebat.

143 1123 167 1162 ιο
265 1102 400 1168 XXXV.
443 1101 506 1167 Per
534 1102 620 1168 idem
646 1107 773 1186 tempus
800 1102 887 1186 apud
908 1101 1041 1168 Troiam
1063 1125 1143 1168 exer-

181 1189 264 1254 citus
292 1188 453 1254 sociorum
482 1187 600 1270 quique
628 1186 774 1254 mercede
801 1187 951 1252 conducti
979 1189 1144 1253 auxiliares

183 1273 293 1358 copias
315 1271 530 1356 adduxerant,
553 1276 697 1356 tempore
719 1271 821 1336 multo
843 1271 965 1336 frustra
985 1274 1065 1338 trito
1087 1287 1143 1336 tue·

181 1363 276 1424 dione
287 1381 329 1424 an
340 1356 561 1422 recordatione
573 1377 705 1420 suorum
714 1355 801 1420 domi
813 1355 1004 1422 seditionem
1017 1358 1145 1442 occipie-

182 1442 271 1506 bant.
317 1443 403 1526 quod
424 1442 481 1506 ubi
502 1440 730 1506 animadvertit
748 1439 871 1505 Hector
892 1451 1022 1521 coactus
1044 1462 1144 1507 neces·

143 1544 168 1586 15
181 1527 276 1592 sitate
297 1527 455 1592 militibus
484 1531 522 1590 ut
543 1525 628 1609 apud
656 1546 745 1590 arma
767 1530 873 1590 assent
894 1527 984 1592 iubet
1006 1548 1044 1591 ao
1066 1549 1145 1607 mox,

181 1611 238 1675 ubi
260 1611 390 1695 signum
413 1609 557 1692 daretur,
587 1613 796 1693 sequerentur
820 1631 898 1675 sese.
942 1612 1044 1697 igitur
1065 1618 1145 1695 post

182 1717 279 1779 quam
293 1700 420 1777 tempus
435 1693 541 1758 visum
556 1697 605 1758 est
625 1697 657 1758 et
672 1715 783 1758 omnes
796 1695 832 1758 in
847 1697 944 1760 armis
958 1697 1145 1762 nuntiaban-

181 1784 244 1862 tur,
267 1779 357 1845 iubet
378 1777 502 1864 egredi:
524 1778 593 1862 ipse
616 1777 680 1842 dux
695 1782 792 1862 atque
813 1778 989 1862 imperator
1006 1781 1145 1844 militiae.

267 1862 330 1928 Res
358 1862 521 1947 postulare
549 1861 676 1927 videtin
703 1884 815 1928 eorum
841 1885 948 1948 reges,
984 1866 1041 1948 qui
1073 1863 1145 1930 socii

143 1967 169 2008 ao
182 1953 278 2032 atque
307 1949 400 2012 amici
427 1947 543 2011 Troiae
566 1947 684 2030 quique
712 1947 754 2011 ob
779 1947 958 2014 mercedem
981 1949 1147 2015 auxiliares

183 2055 221 2098 ex
243 2033 377 2098 diversis
398 2031 586 2118 regionibus
614 2032 771 2097 contracti
792 2031 1028 2098 Priamidarum
1054 2035 1146 2117 impe

182 2119 267 2184 rium
299 2139 333 2184 se
356 2118 532 2201 uebantur,
567 2115 699 2180 edicere.
753 2117 876 2199 primus
901 2117 1015 2202 'igitur
1050 2118 1147 2201 portis

183 2204 323 2287 erumpit
378 2201 516 2266 andarus
546 2199 696 2282 Lycaone
724 2201 854 2286 genitus
880 2223 919 2266 ex
941 2201 968 2266 L
991 2201 1050 2285 cia,
1079 2201 1147 2266 dein

182 2286 391 2370 Hippothous
424 2289 457 2349 et
477 2284 613 2367 Pylaeus
634 2285 720 2348 cetui
748 2305 787 2350 ex
815 2283 943 2352 Larissa
968 2224 1146 2372 l¹elasgida

145 2388 266 2452 aarum,
288 2373 425 2435 Acamas
440 2368 567 2434 Eussori
589 2381 618 2432 et
639 2368 732 2434 Piros
747 2391 787 2434 ex
807 2368 953 2454 Thracia,
975 2374 1051 2454 post
1073 2389 1147 2454 quos

183 2455 371 2539 Euphemus
393 2453 587 2518 Troezenius
610 2451 750 2518 Ciconiis
772 2454 807 2518 in
831 2454 965 2539 eritans,
988 2454 1147 2540 Pylaeme-

183 2561 241 2604 nes
269 2538 512 2623 Paphlagonius
539 2541 630 2621 patre
658 2537 758 2602 Melio
786 2477 962 2623 gloriosus,
992 2537 1093 2603 Odius
1121 2541 1148 2600 et

183 2623 400 2707 Epistrophus
422 2623 481 2686 filii
502 2621 607 2686 Minui
627 2625 837 2688 Alisonorum
858 2644 973 2708 reges„
988 2621 1148 2707 Sarpedon

230 2859 234 2866 ι
251 2794 354 2846 XXXV
371 2797 462 2847 Dares
481 2793 619 2860 Phrygius
637 2809 662 2844 c.
682 2792 783 2850 XVIII,

253 2935 269 2982 8
296 2931 518 2982 automedontem
552 2929 574 2980 G
651 2930 683 2978 12
711 2898 841 2980 frustrari
862 2933 922 2990 tota
955 2929 1078 2980 editione
1105 2925 1151 2978 GV

186 2998 289 3048 frustra
308 3000 373 3048 trito
393 2995 516 3056 editione
535 2996 560 3046 B
578 3011 647 3050 corr.
666 2995 802 3048 Mercerus
864 2999 896 3048 13
915 2997 1149 3048 domiseditionem

185 3065 252 3128 libri,
267 3065 464 3116 domuitionem
475 3065 622 3123 Merceraa
634 3065 664 3114 in
676 3063 783 3116 domum
796 3064 966 3116 seditionem
977 3065 1133 3116 Dedericlraa
1144 3057 1147 3124 l

101 3143 104 3148 Ι
185 3133 469 3266 tadddpldllantleiffldffl
488 3131 823 3250 labocarbileidilrr'tscatebat}4
839 3133 1053 3250 bedOthbubadlt
1070 3145 1149 3248 hiddi

155 3290 157 3296 ’
185 3270 271 3318 metas
302 3216 484 3332 ctpyPylaeu's
519 3215 603 3317 Iisthi
629 3217 847 3332 {pelagidardni
874 3217 933 3317 GBp
964 3216 983 3264 p
1006 3267 1041 3317 25
1067 3263 1149 3342 anieri
1192 3305 1193 3308 η

186 3335 292 3400 pleriG
321 3338 407 3386 umeri
420 3335 503 3401 plena
515 3333 541 3384 B
569 3335 686 3384 Euusori
699 3338 728 3385 et
746 3337 878 3385 admodum
895 3335 1020 3386 uiolenter
1039 3335 1150 3385 currerat

185 3403 345 3451 Dedericlau
360 3401 364 3464 Ι
379 3417 462 3468 pyros
485 3400 533 3452 oB
602 3403 634 3450 26
657 3402 841 3466 tryzeniuslr'
908 3401 942 3451 28
969 3396 1149 3452 azanorumlr'

188 3469 368 3523 atanorumB
390 3469 535 3527 Aliaonum
553 3470 672 3519 correxit
692 3469 844 3534 Vindiaplas
859 3467 863 3533 Ι
878 3467 1055 3520 Alisonorum
1072 3467 1150 3517 Dede·

187 3535 272 3584 rachus
289 3533 448 3584 Eustatlziam
470 3543 580 3585 secatus.
