2460 3940
169 193 229 258 106
471 192 604 248 meurs
624 194 826 248 coeranus

166 343 309 430 Cyclopa
331 347 363 408 et
378 344 599 432 Laestrygona
620 345 735 410 fratres
749 343 852 408 multo
872 343 1006 429 indigna
1022 365 1135 429 exper-

165 434 218 494 tus
246 429 292 494 ¹ad
324 434 522 514 postremum
557 431 597 495 ab
636 451 747 495 corum
779 427 855 492 filiis
889 430 969 494 Anti
991 428 1067 494 hate
1102 434 1136 495 et

166 513 366 598 Polyphemo
398 515 554 598 plurimos
583 515 743 580 sociorum
771 513 929 598 amiserit,
964 451 1038 579 dein
1073 537 1134 599 per

168 599 420 664 misericordiam
457 599 649 684 Polyphemi
694 600 730 664 in
770 598 944 663 amicitiam
984 603 1134 683 receptus
1220 587 1221 680 l

141 683 268 749 afiliam
289 685 375 768 regis
396 685 537 767 Arenen,
558 688 730 768 postquam
744 683 941 767 Alphenoris
963 684 1042 748 socii
1062 685 1134 749 eius
1220 685 1221 758 Ϊ

167 788 275 834 amore
289 768 463 853 deperibat,
485 789 598 852 rapere
613 773 756 853 conatus,
780 768 836 832 ubi
858 789 907 832 res
924 769 1056 853 cognita
1071 773 1131 852 est,

167 853 351 918 interventu
372 853 515 936 parentis
542 854 650 938 puella
677 853 784 918 ablata
809 874 868 937 per
895 853 970 937 vim,
999 857 1132 918 exactus

166 959 224 1086 ppr
238 935 333 1002 Aeoli
355 937 476 1002 insulas
498 937 663 1036 devenerit
683 937 852 1036 adOircen
874 941 970 1036 atque
993 936 1068 1035 inde
1090 937 1133 1002 ad

128 1132 155 1172 ,ο
168 1022 940 1189 dats,utulltitcuubtlfflaffl
963 1042 1133 1190 lutto

168 1189 208 1254 ad
229 1212 370 1256 amorem
392 1192 443 1256 sui
464 1192 659 1257 inlicientes:
682 1192 757 1257 inde
778 1192 931 1257 liberatus
945 1192 1133 1275 pervenerit

168 1275 304 1339 adeum
332 1275 454 1359 locum,
482 1277 517 1341 in
543 1297 608 1361 quo
636 1277 787 1342 exhibitis
815 1276 1005 1361 quibusdam
1033 1276 1132 1340 sacris

167 1359 277 1424 futura
298 1358 521 1426 defunctorum
544 1361 659 1426 animis
675 1360 930 1427 dinoscerentur:
952 1363 1028 1444 post
1049 1383 1132 1444 quae

130 1445 321 1594 atleta:
343 1443 1133 1596 slimllmlelitllltnlliaddititii

168 1613 294 1695 rybdim
315 1579 402 1676 marei
429 1552 650 1678 saevissimum
671 1619 704 1679 et
724 1615 826 1680 inlata
847 1553 976 1678 sdrbere
998 1615 1131 1679 solitum

168 1697 322 1779 plurimas
349 1698 482 1762 navium
508 1719 582 1763 oum
609 1700 704 1764 sociis
732 1699 883 1764 amiserit.
935 1700 982 1764 ita
1003 1720 1037 1763 se
1058 1719 1133 1763 cum

168 1781 303 1846 residuis
331 1781 366 1845 in
393 1803 507 1847 manus
535 1783 733 1849 Phoenicum
766 1806 824 1868 per
850 1784 952 1848 maria
1001 1783 1134 1848 raedam-

168 1865 249 1930 tium
271 1866 458 1951 incurrisse,
482 1870 577 1952 atqua
600 1868 640 1932 ab
662 1867 713 1934 his
734 1891 792 1952 per
813 1869 978 1932 misericor
1002 1868 1063 1932 'am
1085 1889 1135 1933 re-

129 1953 339 2014 aosarvatum.
389 1951 503 2037 igitur,
535 1951 583 2016 uti
616 1951 776 2036 voluerat,
812 1953 950 2036 acceptis
982 1954 1022 2017 ab
1056 1974 1134 2039 rege

86 2046 92 2080 ¹·
168 2039 280 2100 nostro
304 2035 426 2100 duabus
447 2037 583 2102 navibus
605 2036 806 2122 donatusque
828 2037 930 2102 multa
950 2035 1070 2121 praeda
1092 2037 1135 2102 ad

168 2119 342 2186 Alcinoum
363 2139 472 2218 regem
494 2121 677 2186 Phaeacum
698 2123 881 2187 remittitur.
900 2183 903 2192 ,

253 2203 311 2268 VI.
359 2203 411 2268 Ib1
438 2206 479 2269 ob
508 2207 725 2271 celebritatem
757 2207 899 2271 nominis
927 2227 986 2290 per
1013 2205 1134 2271 multos
1219 2227 1220 2280 y

169 2287 236 2350 dies
258 2288 397 2372 benigne
425 2294 573 2372 acceptus
600 2292 767 2377 cognoscit
791 2291 987 2374 Penelopam
1015 2291 1055 2355 ab
1077 2291 1136 2355 tri-
1219 2289 1220 2368 Ϊ

128 2393 156 2435 aa
169 2371 261 2456 ginta
281 2371 470 2438 inlustribus
491 2375 568 2438 viris
591 2376 723 2440 diversis
750 2397 789 2440 ex
810 2376 889 2440 locis
911 2376 946 2438 in
969 2375 1134 2440 matr-imo·
1219 2377 1220 2455 l

168 2456 259 2520 nium
281 2456 459 2604 poshdari:
487 2458 585 2542 hique
614 2464 706 2524 erant
733 2461 773 2524 ab
802 2459 966 2544 Zacyntho
995 2459 1134 2524 Echina-

169 2539 261 2604 dibus
309 2545 421 2606 cucata
438 2542 558 2608 Ithaca.
596 2545 638 2609 ob
660 2565 742 2629 quae
762 2545 872 2610 multis
893 2544 1041 2642 precibus
1061 2565 1136 2628 per-

169 2622 281 2688 suadet
301 2625 384 2710 regi,
413 2628 462 2692 uti
490 2649 596 2693 secum
625 2628 666 2693 ad
688 2629 911 2694 vindicandam
933 2629 1135 2693 matrimonii

169 2708 321 2773 iniuriam
342 2711 516 2797 navigaret.
553 2713 609 2778 sed
630 2717 705 2797 post
728 2735 802 2778 uam
817 2713 974 2779 devenere
996 2713 1037 2778 ad
1059 2735 1135 2778 eum

130 2793 276 2858 aclocum
308 2795 471 2880 paulisper
498 2798 658 2862 occultato
731 2799 798 2881 ixa,
820 2800 877 2863 ubi
905 2798 1135 2864 Telemachum
1218 2823 1219 2834 ¹

169 2899 247 2960 rem,
277 2900 358 2976 quae
379 2881 561 2965 parabatur,
591 2881 754 2966 edocuere,
782 2883 913 2948 domum
941 2881 981 2947 ad
1003 2881 1136 2948 Ulixem

170 2962 252 3059 clam
272 2969 422 3062 vomunt:
445 2966 625 3065 ubimulta
648 2968 726 3065 ¹uino
749 2971 847 3066 atque
868 2968 970 3051 epulis
991 2967 1136 3065 repletos

169 3051 1135 3202 cadumumtlldtlztdealtttltt

133 3213 309 3299 abenigne
332 3219 365 3280 et
386 3239 460 3282 cum
481 3157 591 3284 faioii
614 3225 765 3303 exceptus
788 3158 918 3305 drincta,
942 3187 1023 3305 qu’ac
1046 3159 1136 3286 illumi

239 3405 261 3452 1.
280 3403 428 3471 Cyclopem
447 3406 494 3458 GB
529 3408 654 3473 Cyclopa
671 3411 743 3460 edite.
813 3410 1032 3464 SoircenumG
1103 3411 1136 3461 15
1217 3459 1218 3466 ,

170 3469 302 3520 caribdim
322 3471 370 3522 GB
433 3475 465 3525 23
483 3476 850 3528 celeritatemdoelebr.B
913 3481 945 3530 27
964 3476 1137 3529 Leucada&
1217 3483 1218 3503 ¹

170 3538 203 3587 30
222 3537 408 3602 paucispcrd
436 3542 510 3605 paul.
530 3542 554 3591 B
