2424 3938
264 209 313 283 nn
331 227 479 284 nxomm
500 229 637 285 raons
656 229 836 286 msroum.
998 230 1039 294 31

55 373 207 438 Priamus
221 371 394 437 Hectorem
413 393 543 437 suorum
566 395 656 438 more
674 379 749 438 ante
767 379 878 458 portas
897 375 1045 459 sepelivit
1111 369 1115 375 ’

55 461 216 546 ludosque
242 460 393 525 funebres
420 461 504 526 fecit.
554 460 630 525 dum
657 462 800 528 indutiae
827 467 915 546 sunt,
949 462 1042 528 Pala·

55 549 167 614 medes
196 549 314 612 iterum
340 570 407 614 non
430 553 535 613 cessat
557 549 596 614 de
619 550 754 634 imperio
777 551 937 636 conqueri.
982 551 1041 615 itc-

56 658 121 722 que
148 636 376 722 Agamemnon
403 637 552 702 seditioni
579 638 676 702 cessit
709 644 742 704 et
769 639 850 704 dixit
877 661 910 704 se
938 638 977 702 de
1004 661 1042 703 ea

56 747 91 789 re
123 725 263 790 libenter
292 727 446 808 laturum,
477 729 637 810 utquam
665 727 785 792 vellent
815 727 1069 811 imperatoreme

55 813 275 897 praeficerent.
333 817 464 897 postera
500 813 551 878 die
587 815 742 898 populum
779 815 820 879 ad
854 815 1041 880 concionem
1177 815 1181 822 ’

55 906 165 985 vocat,
200 905 300 986 negat
332 922 366 965 se
397 922 551 986 umquam
588 902 738 986 cupidum
775 903 902 987 imperii
933 903 1041 986 tuisse,

56 990 167 1054 animo
201 1010 303 1074 aequo
337 1011 370 1054 se
403 990 558 1074 accipere,
591 990 618 1054 si
649 991 702 1055 cui
732 992 853 1057 vellent
884 991 973 1066 dare:
1007 1012 1040 1055 se

55 1079 197 1143 libenter
228 1076 354 1142 cedere:
394 1077 472 1142 satis
506 1077 568 1142 sibi
600 1098 683 1163 esse,
715 1078 790 1144 dum
822 1079 932 1144 hostes
963 1079 1041 1144 ulci-

56 1170 190 1231 scantur
203 1169 235 1230 et
248 1166 339 1250 parvi
361 1166 466 1230 facere
489 1165 578 1230 cuius
601 1166 635 1230 id
657 1189 756 1250 opera
777 1168 842 1234 fiat.
875 1189 909 1232 se
931 1171 1041 1232 tamen
1056 1185 1085 1224 1⁰

55 1275 194 1340 regnum
226 1253 370 1339 Mycenis
400 1253 533 1337 habere,
564 1254 655 1318 iubet
682 1255 798 1340 dicere,
832 1255 859 1319 si
887 1256 937 1320 cui
965 1256 1042 1340 quid

54 1343 192 1426 placeat.
237 1340 425 1408 Palamedes
447 1341 568 1426 prodit,
591 1363 684 1406 suum
707 1343 873 1428 ingenium
892 1343 1041 1408 ostendit.

55 1432 167 1515 itaque
194 1428 310 1515 Argivi
336 1431 474 1495 libenter
501 1430 530 1494 ei
557 1430 727 1514 imperium
759 1429 900 1496 tradunt.
948 1429 1040 1495 Pala-

55 1519 166 1583 medes
198 1517 331 1603 Argivis
363 1519 432 1604 egit
463 1519 598 1603 gratim,
632 1518 805 1602 imperium
839 1518 956 1602 accipit
986 1519 1041 1583 ad·

55 1607 230 1676 ministrat.
261 1607 404 1672 Achilles
421 1607 584 1690 vituperat
601 1607 729 1691 imperii
746 1607 1083 1673 commutationem

146 1693 266 1760 XXVI.
324 1694 452 1760 Interea
487 1694 630 1759 indutiae
665 1700 790 1761 exeunt.
853 1692 1042 1760 Palamedes

55 1787 209 1848 ornatum
236 1787 447 1868 paratumque
475 1783 649 1847 exercitum
679 1783 785 1848 educit
810 1784 942 1848 instruit
967 1783 1040 1848 hor-

54 1876 159 1936 tatur.
184 1874 297 1936 contra
309 1870 506 1955 Deiphobus.
532 1874 720 1972 ..pugnatur
723 1871 838 1936 acriter
852 1891 871 1935 a
884 1870 1041 1936 Troianis.

56 1958 225 2043 Sarpedon
247 1957 380 2043 Lycius
391 1981 463 2024 eum
491 1959 557 2023 suis
584 1958 817 2041 inpressionem
844 1957 879 2022 in
901 1957 1041 2043 Argivos

55 2048 137 2112 facit
154 2047 260 2111 caedit
280 2047 465 2131 prosternit.
498 2045 652 2111 obvius'
625 2067 655 2109 er
673 2046 710 2110 fit
728 2045 931 2130 Tlepolemus
954 2045 1041 2110 Rho·
1055 2063 1082 2102 2⁰

55 2136 143 2219 dius,
172 2134 228 2200 sed
255 2133 311 2200 diu
338 2135 453 2200 stando
480 2133 718 2219 pugnandoque
746 2134 829 2199 male
856 2132 1041 2202 vulneratus

131 2317 145 2364 1
166 2311 232 2364 ante
250 2309 361 2378 portam
381 2324 430 2363 suo
448 2322 525 2362 more
543 2306 691 2377 magnifiee
712 2305 845 2389 sepelrurt
863 2306 888 2362 G
925 2312 940 2360 2
960 2306 1041 2362 cuis.

55 2379 167 2434 lfacit
185 2379 211 2434 G
231 2382 235 2447 1
250 2327 323 2434 fecit
340 2379 375 2432 H
410 2377 481 2433 facit
500 2377 558 2432 rell.
619 2383 751 2502 ..360ιὲ
770 2376 835 2432 de
827 2395 895 2446 rmp.
917 2375 943 2431 G
979 2392 1041 2432 con·

56 2451 133 2519 quiri
150 2449 209 2505 LG
245 2449 377 2519 conqueri
396 2447 427 2502 F
434 2447 461 2503 V
530 2447 702 2504 tuedicioni
767 2447 827 2514 lde
849 2463 912 2503 eam
934 2463 993 2502 rem
1015 2448 1043 2501 L

55 2537 162 2608 timp.
180 2536 335 2620 praei.]im
356 2534 493 2592 eraretL
569 2520 818 2606 τιοςιιιιιιιθ’
861 2536 958 2604 efod.
977 2552 1044 2590 ιονι-

55 2609 176 2664 bendum
199 2608 223 2662 si
251 2605 296 2662 oui
351 2606 450 2674 ilse
472 2605 593 2661 libenter
615 2606 713 2662 cedere
740 2607 781 2675 F,
809 2624 859 2664 our.
886 2607 913 2660 L
940 2607 1044 2674 (habet.-

55 2677 185 2734 snlfieere
213 2678 267 2733 sibi
294 2676 447 2733 exercitum
475 2674 585 2745 Troiae)
613 2691 647 2730 ac
669 2692 699 2730 se
721 2677 842 2734 libenter
864 2677 990 2759 accipere
1016 2676 1044 2732 G

55 2756 72 2804 9
101 2748 178 2803 Satis
205 2747 260 2802 sibi
291 2762 351 2804 esse
375 2746 441 2800 dum
466 2746 561 2802 hostes
583 2745 755 2801 ulciscentur
777 2750 807 2803 et
832 2748 928 2832 paruit
950 2747 1044 2803 facere

55 2836 138 2892 cuius
151 2835 181 2891 id
197 2851 280 2906 opere
294 2835 345 2890 fiat
358 2833 385 2889 G
398 2849 448 2890 om.
458 2832 485 2888 L
549 2839 582 2888 10
601 2847 687 2914 opera
700 2831 731 2886 F
739 2832 766 2887 V
799 2849 852 2904 ope
867 2818 1021 2889 maceras

55 2907 107 2962 sed
131 2909 152 2961 t.
169 2905 197 2960 L
269 2901 758 3030 11mic.regn6fflu1dom6
830 2909 863 2958 12
881 2835 1041 2987 placetdl

54 2993 109 3033 sna
132 2974 251 3059 ingenia
270 2974 297 3029 L
316 2979 321 3044 Ι
341 2977 371 3031 et
392 2974 519 3031 ostendit
619 2976 648 3030 et
670 2989 721 3029 om
741 2975 779 3028 M
849 2981 882 3030 13
881 2922 993 3029 1iachiui
1009 2978 1044 3028 ut

54 3046 352 3172 drmrnuiinilsltialtiliater
360 3044 587 3172 lbmlntleiebrbli.
593 3044 914 3171 eLimpl'ioornotdmgr
920 3043 1041 3170 ιιθίἕιιιθιιιΙ

54 3189 125 3260 que]
143 3185 310 3242 ornaturL
323 3189 327 3256 Ι
347 3186 442 3242 educit
464 3201 514 3241 orn.
532 3187 560 3240 L
596 3185 698 3241 educat
720 3186 747 3242 θ
819 3193 852 3242 18
876 3185 887 3240 i
907 3203 952 3241 em
973 3184 1043 3239 fecit

54 3259 125 3314 add
142 3257 247 3328 Gpost
264 3260 362 3313 conta
376 3257 382 3330 l
397 3256 575 3328 deyphobum
598 3254 626 3310 L
702 3264 735 3314 19
754 3256 844 3312 lucius
862 3255 912 3368 L
922 3253 1042 3310 litiusG

54 3381 212 3438 comulas
226 3381 289 3438 add.
300 3381 327 3438 G
335 3386 400 3452 post
413 3380 566 3452 prosternit
581 3383 586 3448 Ι
602 3396 628 3435 οι
620 3379 742 3436 obuius
755 3378 811 3436 fuit
825 3380 852 3436 θ
867 3384 871 3448 Ι
886 3330 1041 3450 lepolemus

53 3470 82 3524 L
118 3485 154 3524 ne
174 3469 331 3539 optolemus
351 3467 506 3540 Glrodius
524 3468 582 3524 LG
617 3466 835 3539 triptolemusr.
854 3468 882 3523 A
954 3473 985 3522 21
1007 3482 1041 3520 ac

53 3539 264 3612 pugnandoG.
