2460 3940
163 181 205 246 90
470 183 601 238 DIOTYS
621 183 821 238 CRETENSIS

164 335 249 399 cives
275 334 396 400 tollunt
429 355 485 420 spe
520 336 645 400 animos
675 335 894 400 existimantes
926 335 1024 400 finem
1052 335 1133 400 belli
1192 347 1196 356 '

164 423 259 503 atque
281 419 521 486 discordiarum.
557 421 666 505 itaque
682 441 818 504 propere
840 423 969 484 senatus
989 419 1132 504 habitere,

164 503 220 568 ubi
241 505 360 568 nostris
382 505 602 588 praesentibus
625 504 806 569 decernitur
819 505 959 588 primurn
986 505 1131 569 omnium

164 589 393 654 Antimachum
422 612 460 654 ex
488 590 578 654 omni
599 589 741 675 Phrygia
769 589 976 673 exulandum,
1010 589 1135 654 scilicet

54 699 61 716 ·
139 677 327 738 eductorem
355 675 438 738 tanti
464 675 550 740 mali.
604 673 678 739 dein
704 696 801 757 super
827 673 1016 739 condicione
1043 674 1133 758 pacis

165 759 295 823 tractari
317 762 475 843 coeptum.
1096 796 1098 800 v

250 841 290 908 V.
333 843 423 908 Inter
451 865 532 928 quae
559 847 691 927 repente
719 843 871 928 strepitus
900 865 938 907 ex
960 842 1131 928 Pergam0,
1216 917 1217 928 ,

158 927 222 1010 ¹ubi
243 927 333 1012 regia
347 928 476 993 Priamo
492 932 569 1012 erat,
586 927 769 1012 clamorque
791 927 906 1075 inpone
917 927 1036 1015 editur.
1067 949 1135 1011 qua

165 1032 200 1074 re
228 1013 348 1076 turbati
376 1014 432 1096 qui
464 1013 500 1076 in
527 1013 662 1078 consilio
696 1016 788 1077 erant
840 1033 913 1078 oras
946 1011 1131 1096 prosiliunt,

130 1095 331 1164 recredentes
353 1096 484 1161 insidias
506 1101 679 1181 temptatas
701 1097 797 1162 solito
824 1119 843 1161 a
864 1097 1000 1182 regulis:
1023 1098 1134 1180 itaque

167 1180 203 1244 in
224 1181 380 1264 templum
396 1181 562 1247 Minervae
585 1203 722 1266 propere
744 1181 933 1246 concedunt.
980 1185 1014 1246 at
1034 1181 1134 1265 paulo

167 1269 242 1348 post
264 1287 302 1328 ex
330 1265 395 1348 his,
419 1266 474 1350 qui
503 1289 542 1331 ex
570 1288 642 1331 arce
665 1266 902 1350 descenderant,
927 1267 1137 1350 cognoscitur

167 1349 343 1414 Alexandri
371 1351 469 1435 filios,
499 1373 579 1435 quos
608 1373 646 1415 ex
674 1351 799 1416 Helena
830 1355 1029 1434 susceperat,
1058 1372 1137 1414 casu

168 1455 310 1498 camerae
334 1436 501 1501 extinctos.
540 1436 638 1519 hique
667 1440 759 1500 erant
784 1434 951 1500 Bunomus
973 1433 1138 1518 Corythus

132 1534 157 1574 15
171 1522 266 1601 atque
287 1518 410 1584 Idaeus.
448 1541 546 1603 quare
569 1519 704 1585 consilio
728 1519 826 1584 dilato
850 1519 945 1584 duces
967 1520 1072 1584 nostri
1094 1519 1138 1583 ad

168 1606 367 1667 Antenorem
384 1604 504 1669 abeunt
525 1605 634 1688 ibique
655 1606 794 1689 acceptis
816 1605 918 1688 epulis
932 1608 1137 1688 pernoctant.

169 1690 334 1770 praeterea
356 1692 555 1773 cognoscunt
576 1691 617 1753 ab
639 1691 805 1754 Antenore
829 1689 949 1753 editum
972 1689 1139 1773 quondam

171 1771 334 1836 oraculum
363 1770 511 1837 Troianis
538 1774 678 1838 maximo
710 1775 807 1838 exitio
842 1773 967 1838 civitati
995 1773 1080 1855 fore,
1110 1775 1140 1837 si

171 1854 365 1940 Palladium,
395 1858 481 1941 quod
509 1858 544 1922 in
570 1858 691 1942 templo
721 1858 885 1923 Minervae
913 1861 1009 1942 esset,
1047 1861 1141 1922 extra

132 1958 158 1998 eo
171 1941 299 2005 moenia
320 1941 496 2008 tolleretur.
534 1965 672 2026 namque
687 1943 720 2007 id
735 1943 993 2026 antiquissimum
1008 1943 1140 2026 signum

171 2026 258 2091 caelo
280 2025 415 2111 lapsum,
444 2050 508 2111 qua
529 2031 719 2111 tempestate
740 2027 807 2092 Ilus
838 2029 995 2112 templum
1018 2026 1141 2091 Miner·

171 2133 229 2175 vae
259 2116 409 2176 extruens
446 2135 547 2197 prope
581 2134 741 2177 summum
774 2112 898 2197 fastigii
931 2115 1141 2196 pervenerat:
1216 2167 1217 2170 ,

171 2196 280 2278 ibique
301 2197 387 2260 inter
409 2219 515 2280 opera,
539 2219 611 2261 cum
632 2197 769 2262 necdum
784 2203 937 2282 tegumen
958 2197 1141 2280 superposi-

170 2284 242 2343 tum
257 2284 349 2363 esset,
365 2280 471 2344 sedem
487 2281 536 2344 sui
551 2283 770 2366 occupavisse:
791 2281 887 2366 idque
902 2282 1032 2366 signum
1046 2281 1140 2366 ligno

134 2379 160 2420 25
172 2363 383 2429 fabrefactum
412 2387 488 2429 esse.
533 2365 738 2431 hortantibus
766 2366 840 2430 dein
861 2367 996 2451 nostris,
1022 2367 1071 2430 uti
1093 2387 1143 2430 se-

174 2449 309 2513 eumad
331 2471 368 2514 ea
390 2449 498 2514 omnia
527 2451 709 2534 eniteretur,
733 2451 893 2516 facturum
915 2473 957 2533 se,
981 2471 1064 2534 quae
1087 2471 1142 2515 cu-

172 2536 295 2616 perent,
318 2534 492 2616 respondit.
530 2539 627 2619 atque
647 2535 699 2600 his
721 2536 877 2619 praedicit
897 2535 1025 2620 publice
1048 2556 1082 2600 se
1105 2535 1143 2598 in

174 2617 308 2682 consilio
342 2640 438 2701 super
475 2620 629 2703 qualitate
669 2643 793 2703 eorum,
828 2641 909 2704 quae
942 2619 1141 2706 postulaturi

175 2707 289 2785 essent,
313 2704 451 2768 exertius
468 2703 685 2789 disserturum,
709 2705 829 2770 scilicet
851 2727 892 2769 ne
914 2727 978 2788 qua
1003 2704 1142 2789 suspitio

136 2801 162 2840 ³⁰
175 2787 225 2851 sui
246 2788 332 2872 apud
359 2788 511 2854 barbaros
541 2790 687 2855 oriretur.
732 2791 778 2854 ita
804 2789 981 2872 composito
1004 2811 1047 2852 ne
1071 2790 1140 2854 otio

175 2893 247 2936 cum
269 2873 340 2938 luce
363 2873 458 2938 simul
473 2874 622 2938 Antenor
644 2896 680 2940 ac
702 2875 818 2958 reliqui
832 2895 979 2957 proceres
997 2809 1143 2938 adi'ria-

175 2977 262 3020 mum
285 2957 420 3040 vadunt,
444 2959 548 3023 nostri
569 2959 610 3022 ad
631 2981 729 3024 naves
750 2959 894 3023 redeunt.

260 3040 317 3107 VI.
354 3041 439 3107 Dein
461 3043 518 3107 ubi
540 3044 624 3108 iusta
638 3045 745 3127 pueris
766 3043 853 3108 faeta
874 3047 951 3106 sunt
966 3045 1041 3126 post
1056 3041 1144 3107 diem
1163 3040 1167 3048 '

175 3125 307 3191 tertium
321 3125 434 3192 Idaeus
458 3127 657 3211 supradictos
672 3129 766 3192 duces
788 3129 925 3193 accitum
940 3127 1045 3192 venit:
1069 3127 1143 3211 quis

243 3301 268 3350 V
285 3297 380 3348 Melet.
403 3301 449 3352 137
469 3299 587 3351 Cedren.
605 3299 626 3349 P
647 3302 694 3352 130

247 3449 278 3498 10
296 3449 378 3502 solito
397 3467 443 3503 om.
457 3451 483 3501 B
500 3467 574 3502 more
593 3454 654 3502 add.
668 3452 692 3500 P
744 3453 774 3501 12
793 3450 1011 3502 descenderatG
1029 3451 1145 3500 descen·

179 3516 278 3564 derant
294 3513 320 3564 B
382 3519 413 3568 16
430 3519 512 3582 hique
533 3519 554 3570 (ι’
579 3519 672 3584 ibique
691 3519 716 3568 B
774 3522 807 3569 2¹2
827 3533 930 3570 summo
950 3519 1065 3584 fastigio
1086 3517 1144 3572 θΒ.
