<?xml version="1.0" encoding="UTF-8"?>
<!DOCTYPE html PUBLIC "-//W3C//DTD XHTML 1.0 Transitional//EN"
    "http://www.w3.org/TR/xhtml1/DTD/xhtml1-transitional.dtd">
<html xmlns="http://www.w3.org/1999/xhtml" xml:lang="en" lang="en">
 <head>
  <title>
</title>
<meta http-equiv="Content-Type" content="text/html;charset=utf-8" />
  <meta name='ocr-system' content='tesseract 3.04.00' />
  <meta name='ocr-capabilities' content='ocr_page ocr_carea ocr_par ocr_line ocrx_word'/>
</head>
<body>
  <div class='ocr_page' id='page_1' title='image "./ephemeridosbell00meisgoog_0352.png"; bbox 0 0 2424 3938; ppageno 0'>
   <div class='ocr_carea' id='block_1_1' title="bbox 296 183 1071 246">
    <p class='ocr_par' dir='ltr' id='par_1_1' title="bbox 296 183 1071 246">
     <span class='ocr_line' id='line_1_1' title="bbox 296 183 1071 246; baseline 0 -9"><span class='ocrx_word' id='word_1_1' title='bbox 296 184 344 238; x_wconf 84' lang='lat' dir='ltr'><strong>DE</strong></span> <span class='ocrx_word' id='word_1_2' title='bbox 363 183 511 239; x_wconf 86' lang='lat' dir='ltr'><strong>EXClDlO</strong></span> <span class='ocrx_word' id='word_1_3' title='bbox 531 183 666 238; x_wconf 81' lang='lat' dir='ltr'><strong>TROIAE</strong></span> <span class='ocrx_word' id='word_1_4' title='bbox 685 183 868 238; x_wconf 79' lang='lat' dir='ltr'><strong>HISTORIA.</strong></span> <span class='ocrx_word' id='word_1_5' title='bbox 1032 183 1071 246; x_wconf 87' lang='lat' dir='ltr'><strong>ll</strong></span> 
     </span>
    </p>
   </div>
   <div class='ocr_carea' id='block_1_2' title="bbox 80 327 1114 2443">
    <p class='ocr_par' dir='ltr' id='par_1_2' title="bbox 80 327 1114 2443">
     <span class='ocr_line' id='line_1_2' title="bbox 80 327 1073 412; baseline 0 -20"><span class='ocrx_word' id='word_1_6' title='bbox 80 350 154 393; x_wconf 90' lang='lat' dir='ltr'><strong>rem</strong></span> <span class='ocrx_word' id='word_1_7' title='bbox 173 329 209 392; x_wconf 91' lang='lat' dir='ltr'><strong>in</strong></span> <span class='ocrx_word' id='word_1_8' title='bbox 227 329 423 412; x_wconf 89' lang='lat' dir='ltr'><strong>superiorem</strong></span> <span class='ocrx_word' id='word_1_9' title='bbox 445 327 621 412; x_wconf 82' lang='lat' dir='ltr'><strong>Phrygiam</strong></span> <span class='ocrx_word' id='word_1_10' title='bbox 639 329 741 410; x_wconf 85' lang='lat' dir='ltr'><strong>misit,</strong></span> <span class='ocrx_word' id='word_1_11' title='bbox 764 333 802 391; x_wconf 91' lang='lat' dir='ltr'><strong>ut</strong></span> <span class='ocrx_word' id='word_1_12' title='bbox 822 328 995 392; x_wconf 82' lang='lat' dir='ltr'><strong>exereitum</strong></span> <span class='ocrx_word' id='word_1_13' title='bbox 1017 350 1073 412; x_wconf 92' lang='lat' dir='ltr'><strong>pa-</strong></span> 
     </span>
     <span class='ocr_line' id='line_1_3' title="bbox 80 415 1074 501; baseline -0.001 -20"><span class='ocrx_word' id='word_1_14' title='bbox 80 422 173 481; x_wconf 89' lang='lat' dir='ltr'><strong>raret</strong></span> <span class='ocrx_word' id='word_1_15' title='bbox 197 419 243 498; x_wconf 87' lang='lat' dir='ltr'><strong>[et</strong></span> <span class='ocrx_word' id='word_1_16' title='bbox 265 418 311 480; x_wconf 91' lang='lat' dir='ltr'><strong>ita</strong></span> <span class='ocrx_word' id='word_1_17' title='bbox 334 420 465 500; x_wconf 88' lang='lat' dir='ltr'><strong>paratus</strong></span> <span class='ocrx_word' id='word_1_18' title='bbox 484 419 556 496; x_wconf 88' lang='lat' dir='ltr'><strong>est].</strong></span> <span class='ocrx_word' id='word_1_19' title='bbox 594 415 776 482; x_wconf 83' lang='lat' dir='ltr'><strong>Cassandra</strong></span> <span class='ocrx_word' id='word_1_20' title='bbox 794 420 966 501; x_wconf 76' lang='lat' dir='ltr'>postquam</span> <span class='ocrx_word' id='word_1_21' title='bbox 986 417 1074 480; x_wconf 90' lang='lat' dir='ltr'><strong>audi-</strong></span> 
     </span>
     <span class='ocr_line' id='line_1_4' title="bbox 80 504 1074 590; baseline 0 -20"><span class='ocrx_word' id='word_1_22' title='bbox 80 508 133 570; x_wconf 84' lang='lat' dir='ltr'><strong>vit</strong></span> <span class='ocrx_word' id='word_1_23' title='bbox 169 506 271 590; x_wconf 87' lang='lat' dir='ltr'><strong>patris</strong></span> <span class='ocrx_word' id='word_1_24' title='bbox 308 504 491 588; x_wconf 86' lang='lat' dir='ltr'><strong>consilium,</strong></span> <span class='ocrx_word' id='word_1_25' title='bbox 528 505 631 570; x_wconf 85' lang='lat' dir='ltr'><strong>dicere</strong></span> <span class='ocrx_word' id='word_1_26' title='bbox 663 505 768 588; x_wconf 86' lang='lat' dir='ltr'><strong>coepit</strong></span> <span class='ocrx_word' id='word_1_27' title='bbox 810 527 891 590; x_wconf 88' lang='lat' dir='ltr'><strong>quae</strong></span> <span class='ocrx_word' id='word_1_28' title='bbox 926 505 1074 570; x_wconf 74' lang='lat' dir='ltr'><strong>Troianis</strong></span> 
     </span>
     <span class='ocr_line' id='line_1_5' title="bbox 81 593 1073 678; baseline -0.001 -20"><span class='ocrx_word' id='word_1_29' title='bbox 81 597 195 658; x_wconf 80' lang='lat' dir='ltr'><strong>lutura</strong></span> <span class='ocrx_word' id='word_1_30' title='bbox 227 597 348 676; x_wconf 89' lang='lat' dir='ltr'><strong>essent,</strong></span> <span class='ocrx_word' id='word_1_31' title='bbox 382 593 409 656; x_wconf 89' lang='lat' dir='ltr'><strong>si</strong></span> <span class='ocrx_word' id='word_1_32' title='bbox 441 593 588 658; x_wconf 83' lang='lat' dir='ltr'><strong>Priamus</strong></span> <span class='ocrx_word' id='word_1_33' title='bbox 621 597 839 678; x_wconf 82' lang='lat' dir='ltr'><strong>perseveraret</strong></span> <span class='ocrx_word' id='word_1_34' title='bbox 870 594 1004 658; x_wconf 79' lang='lat' dir='ltr'><strong>classem</strong></span> <span class='ocrx_word' id='word_1_35' title='bbox 1039 594 1073 657; x_wconf 91' lang='lat' dir='ltr'><strong>in</strong></span> 
     </span>
     <span class='ocr_line' id='line_1_6' title="bbox 82 683 1100 747; baseline -0.007 -1"><span class='ocrx_word' id='word_1_36' title='bbox 82 683 256 747; x_wconf 79' lang='lat' dir='ltr'><strong>Graeciam</strong></span> <span class='ocrx_word' id='word_1_37' title='bbox 278 683 414 746; x_wconf 83' lang='lat' dir='ltr'><strong>mittere.</strong></span> <span class='ocrx_word' id='word_1_38' title='bbox 1087 699 1100 739; x_wconf 86' lang='lat'><strong>5</strong></span> 
     </span>
     <span class='ocr_line' id='line_1_7' title="bbox 175 771 1072 854; baseline 0 -20"><span class='ocrx_word' id='word_1_39' title='bbox 175 771 231 834; x_wconf 87' lang='lat' dir='ltr'><strong>IX.</strong></span> <span class='ocrx_word' id='word_1_40' title='bbox 268 771 395 834; x_wconf 90' lang='lat' dir='ltr'><strong>Interea</strong></span> <span class='ocrx_word' id='word_1_41' title='bbox 411 775 538 854; x_wconf 91' lang='lat' dir='ltr'><strong>tempus</strong></span> <span class='ocrx_word' id='word_1_42' title='bbox 557 771 755 854; x_wconf 86' lang='lat' dir='ltr'><strong>supervenit:</strong></span> <span class='ocrx_word' id='word_1_43' title='bbox 769 792 868 834; x_wconf 85' lang='lat' dir='ltr'><strong>naves</strong></span> <span class='ocrx_word' id='word_1_44' title='bbox 890 771 1072 835; x_wconf 81' lang='lat' dir='ltr'><strong>aedificatae</strong></span> 
     </span>
     <span class='ocr_line' id='line_1_8' title="bbox 82 857 1079 944; baseline -0.001 -21"><span class='ocrx_word' id='word_1_45' title='bbox 82 864 176 942; x_wconf 90' lang='lat' dir='ltr'><strong>sunt,</strong></span> <span class='ocrx_word' id='word_1_46' title='bbox 205 859 324 923; x_wconf 89' lang='lat' dir='ltr'><strong>milites</strong></span> <span class='ocrx_word' id='word_1_47' title='bbox 348 862 613 942; x_wconf 88' lang='lat' dir='ltr'><strong>supervenerunt,</strong></span> <span class='ocrx_word' id='word_1_48' title='bbox 637 881 717 944; x_wconf 90' lang='lat' dir='ltr'><strong>quos</strong></span> <span class='ocrx_word' id='word_1_49' title='bbox 740 858 923 923; x_wconf 81' lang='lat' dir='ltr'><strong>Alexander</strong></span> <span class='ocrx_word' id='word_1_50' title='bbox 943 862 976 922; x_wconf 89' lang='lat' dir='ltr'><strong>et</strong></span> <span class='ocrx_word' id='word_1_51' title='bbox 998 857 1079 928; x_wconf 59' lang='lat' dir='ltr'><strong>Deis</strong></span> 
     </span>
     <span class='ocr_line' id='line_1_9' title="bbox 81 944 1072 1031; baseline -0.001 -20"><span class='ocrx_word' id='word_1_52' title='bbox 81 947 213 1031; x_wconf 85' lang='lat' dir='ltr'><strong>phebus</strong></span> <span class='ocrx_word' id='word_1_53' title='bbox 237 948 271 1011; x_wconf 90' lang='lat' dir='ltr'><strong>in</strong></span> <span class='ocrx_word' id='word_1_54' title='bbox 289 944 432 1011; x_wconf 90' lang='lat' dir='ltr'><strong>Paeonia</strong></span> <span class='ocrx_word' id='word_1_55' title='bbox 449 948 621 1031; x_wconf 85' lang='lat' dir='ltr'><strong>elegerant.</strong></span> <span class='ocrx_word' id='word_1_56' title='bbox 656 951 689 1011; x_wconf 92' lang='lat' dir='ltr'><strong>et</strong></span> <span class='ocrx_word' id='word_1_57' title='bbox 711 948 767 1011; x_wconf 92' lang='lat' dir='ltr'><strong>ubi</strong></span> <span class='ocrx_word' id='word_1_58' title='bbox 785 947 889 1011; x_wconf 87' lang='lat' dir='ltr'><strong>visum</strong></span> <span class='ocrx_word' id='word_1_59' title='bbox 913 951 962 1012; x_wconf 88' lang='lat' dir='ltr'><strong>est</strong></span> <span class='ocrx_word' id='word_1_60' title='bbox 984 948 1072 1011; x_wconf 85' lang='lat' dir='ltr'><strong>navi-</strong></span> 
     </span>
     <span class='ocr_line' id='line_1_10' title="bbox 82 1035 1072 1121; baseline -0.001 -21"><span class='ocrx_word' id='word_1_61' title='bbox 82 1037 158 1121; x_wconf 74' lang='lat' dir='ltr'><strong>gari</strong></span> <span class='ocrx_word' id='word_1_62' title='bbox 174 1057 282 1119; x_wconf 88' lang='lat' dir='ltr'><strong>posse,</strong></span> <span class='ocrx_word' id='word_1_63' title='bbox 302 1035 450 1100; x_wconf 87' lang='lat' dir='ltr'><strong>Priamus</strong></span> <span class='ocrx_word' id='word_1_64' title='bbox 465 1037 638 1100; x_wconf 84' lang='lat' dir='ltr'><strong>exercitum</strong></span> <span class='ocrx_word' id='word_1_65' title='bbox 653 1037 839 1120; x_wconf 78' lang='lat' dir='ltr'><strong>alloquitur,</strong></span> <span class='ocrx_word' id='word_1_66' title='bbox 853 1035 1072 1100; x_wconf 85' lang='lat' dir='ltr'><strong>Alexandrum</strong></span> 
     </span>
     <span class='ocr_line' id='line_1_11' title="bbox 80 1123 1114 1213; baseline 0.002 -26"><span class='ocrx_word' id='word_1_67' title='bbox 80 1126 312 1207; x_wconf 77' lang='lat' dir='ltr'><strong>imperatorem</strong></span> <span class='ocrx_word' id='word_1_68' title='bbox 334 1124 485 1188; x_wconf 86' lang='lat' dir='ltr'><strong>exercitui</strong></span> <span class='ocrx_word' id='word_1_69' title='bbox 504 1125 661 1213; x_wconf 83' lang='lat' dir='ltr'><strong>praeficit,</strong></span> <span class='ocrx_word' id='word_1_70' title='bbox 680 1125 781 1189; x_wconf 89' lang='lat' dir='ltr'><strong>mittit</strong></span> <span class='ocrx_word' id='word_1_71' title='bbox 795 1147 867 1189; x_wconf 88' lang='lat' dir='ltr'><strong>oum</strong></span> <span class='ocrx_word' id='word_1_72' title='bbox 881 1145 918 1188; x_wconf 91' lang='lat' dir='ltr'><strong>eo</strong></span> <span class='ocrx_word' id='word_1_73' title='bbox 933 1123 1072 1208; x_wconf 91' lang='lat' dir='ltr'><strong>Deipho-</strong></span> <span class='ocrx_word' id='word_1_74' title='bbox 1088 1143 1114 1180; x_wconf 91' lang='lat'><strong>10</strong></span> 
     </span>
     <span class='ocr_line' id='line_1_12' title="bbox 84 1211 1073 1297; baseline 0 -21"><span class='ocrx_word' id='word_1_75' title='bbox 84 1215 167 1276; x_wconf 91' lang='lat' dir='ltr'><strong>bum</strong></span> <span class='ocrx_word' id='word_1_76' title='bbox 180 1211 314 1276; x_wconf 87' lang='lat' dir='ltr'><strong>Aenean</strong></span> <span class='ocrx_word' id='word_1_77' title='bbox 328 1211 595 1296; x_wconf 88' lang='lat' dir='ltr'><strong>Polydamantem</strong></span> <span class='ocrx_word' id='word_1_78' title='bbox 608 1213 808 1297; x_wconf 71' lang='lat' dir='ltr'><strong>imperatque</strong></span> <span class='ocrx_word' id='word_1_79' title='bbox 825 1213 1017 1295; x_wconf 88' lang='lat' dir='ltr'><strong>Alexandro,</strong></span> <span class='ocrx_word' id='word_1_80' title='bbox 1037 1218 1073 1276; x_wconf 88' lang='lat' dir='ltr'><strong>ut</strong></span> 
     </span>
     <span class='ocr_line' id='line_1_13' title="bbox 81 1299 1073 1384; baseline 0 -20"><span class='ocrx_word' id='word_1_81' title='bbox 81 1301 226 1384; x_wconf 71' lang='lat' dir='ltr'><strong>primum</strong></span> <span class='ocrx_word' id='word_1_82' title='bbox 245 1299 395 1383; x_wconf 82' lang='lat' dir='ltr'><strong>Spartam</strong></span> <span class='ocrx_word' id='word_1_83' title='bbox 414 1300 557 1384; x_wconf 88' lang='lat' dir='ltr'><strong>accedat,</strong></span> <span class='ocrx_word' id='word_1_84' title='bbox 580 1299 747 1366; x_wconf 84' lang='lat' dir='ltr'><strong>Castorem</strong></span> <span class='ocrx_word' id='word_1_85' title='bbox 766 1305 800 1364; x_wconf 93' lang='lat' dir='ltr'><strong>et</strong></span> <span class='ocrx_word' id='word_1_86' title='bbox 817 1301 980 1365; x_wconf 81' lang='lat' dir='ltr'><strong>Pollucem</strong></span> <span class='ocrx_word' id='word_1_87' title='bbox 999 1321 1073 1364; x_wconf 89' lang='lat' dir='ltr'><strong>oon·</strong></span> 
     </span>
     <span class='ocr_line' id='line_1_14' title="bbox 80 1388 1074 1472; baseline 0 -20"><span class='ocrx_word' id='word_1_88' title='bbox 80 1389 196 1452; x_wconf 81' lang='lat' dir='ltr'><strong>veniat</strong></span> <span class='ocrx_word' id='word_1_89' title='bbox 216 1393 248 1453; x_wconf 91' lang='lat' dir='ltr'><strong>et</strong></span> <span class='ocrx_word' id='word_1_90' title='bbox 271 1389 312 1452; x_wconf 88' lang='lat' dir='ltr'><strong>ab</strong></span> <span class='ocrx_word' id='word_1_91' title='bbox 334 1389 386 1453; x_wconf 91' lang='lat' dir='ltr'><strong>his</strong></span> <span class='ocrx_word' id='word_1_92' title='bbox 408 1392 511 1472; x_wconf 88' lang='lat' dir='ltr'><strong>petat,</strong></span> <span class='ocrx_word' id='word_1_93' title='bbox 534 1394 571 1453; x_wconf 92' lang='lat' dir='ltr'><strong>ut</strong></span> <span class='ocrx_word' id='word_1_94' title='bbox 588 1388 732 1453; x_wconf 90' lang='lat' dir='ltr'><strong>Hesiona</strong></span> <span class='ocrx_word' id='word_1_95' title='bbox 755 1410 846 1453; x_wconf 88' lang='lat' dir='ltr'><strong>soror</strong></span> <span class='ocrx_word' id='word_1_96' title='bbox 867 1388 1018 1454; x_wconf 86' lang='lat' dir='ltr'><strong>reddatur</strong></span> <span class='ocrx_word' id='word_1_97' title='bbox 1041 1393 1074 1452; x_wconf 90' lang='lat' dir='ltr'><strong>et</strong></span> 
     </span>
     <span class='ocr_line' id='line_1_15' title="bbox 83 1476 1073 1562; baseline 0.002 -22"><span class='ocrx_word' id='word_1_98' title='bbox 83 1476 166 1540; x_wconf 90' lang='lat' dir='ltr'><strong>satis</strong></span> <span class='ocrx_word' id='word_1_99' title='bbox 185 1477 334 1541; x_wconf 84' lang='lat' dir='ltr'><strong>Troianis</strong></span> <span class='ocrx_word' id='word_1_100' title='bbox 352 1477 423 1541; x_wconf 84' lang='lat' dir='ltr'><strong>liat:</strong></span> <span class='ocrx_word' id='word_1_101' title='bbox 447 1477 533 1561; x_wconf 91' lang='lat' dir='ltr'><strong>quod</strong></span> <span class='ocrx_word' id='word_1_102' title='bbox 552 1478 579 1542; x_wconf 88' lang='lat' dir='ltr'><strong>si</strong></span> <span class='ocrx_word' id='word_1_103' title='bbox 597 1481 784 1562; x_wconf 82' lang='lat' dir='ltr'><strong>negassent,</strong></span> <span class='ocrx_word' id='word_1_104' title='bbox 807 1477 960 1543; x_wconf 88' lang='lat' dir='ltr'><strong>continuo</strong></span> <span class='ocrx_word' id='word_1_105' title='bbox 980 1477 1020 1540; x_wconf 88' lang='lat' dir='ltr'><strong>ad</strong></span> <span class='ocrx_word' id='word_1_106' title='bbox 1039 1499 1073 1542; x_wconf 90' lang='lat' dir='ltr'><strong>se</strong></span> 
     </span>
     <span class='ocr_line' id='line_1_16' title="bbox 81 1564 1113 1650; baseline 0.002 -22"><span class='ocrx_word' id='word_1_107' title='bbox 81 1565 237 1629; x_wconf 89' lang='lat' dir='ltr'><strong>nuntium</strong></span> <span class='ocrx_word' id='word_1_108' title='bbox 265 1565 389 1647; x_wconf 91' lang='lat' dir='ltr'><strong>mittat,</strong></span> <span class='ocrx_word' id='word_1_109' title='bbox 425 1569 462 1629; x_wconf 91' lang='lat' dir='ltr'><strong>ut</strong></span> <span class='ocrx_word' id='word_1_110' title='bbox 498 1565 671 1630; x_wconf 85' lang='lat' dir='ltr'><strong>exercitum</strong></span> <span class='ocrx_word' id='word_1_111' title='bbox 703 1566 807 1650; x_wconf 91' lang='lat' dir='ltr'><strong>possit</strong></span> <span class='ocrx_word' id='word_1_112' title='bbox 838 1566 873 1628; x_wconf 94' lang='lat' dir='ltr'><strong>in</strong></span> <span class='ocrx_word' id='word_1_113' title='bbox 905 1564 1072 1630; x_wconf 82' lang='lat' dir='ltr'><strong>Graeciam</strong></span> <span class='ocrx_word' id='word_1_114' title='bbox 1087 1581 1113 1621; x_wconf 81' lang='lat'><strong>15</strong></span> 
     </span>
     <span class='ocr_line' id='line_1_17' title="bbox 82 1652 1074 1738; baseline 0.002 -22"><span class='ocrx_word' id='word_1_115' title='bbox 82 1655 222 1717; x_wconf 89' lang='lat' dir='ltr'><strong>mittere.</strong></span> <span class='ocrx_word' id='word_1_116' title='bbox 267 1658 342 1736; x_wconf 91' lang='lat' dir='ltr'><strong>post</strong></span> <span class='ocrx_word' id='word_1_117' title='bbox 363 1653 443 1717; x_wconf 91' lang='lat' dir='ltr'><strong>haee</strong></span> <span class='ocrx_word' id='word_1_118' title='bbox 462 1653 644 1718; x_wconf 85' lang='lat' dir='ltr'><strong>Alexander</strong></span> <span class='ocrx_word' id='word_1_119' title='bbox 663 1655 698 1717; x_wconf 91' lang='lat' dir='ltr'><strong>in</strong></span> <span class='ocrx_word' id='word_1_120' title='bbox 717 1652 886 1719; x_wconf 80' lang='lat' dir='ltr'><strong>Graeciam</strong></span> <span class='ocrx_word' id='word_1_121' title='bbox 908 1655 1074 1738; x_wconf 86' lang='lat' dir='ltr'><strong>navigavit</strong></span> 
     </span>
     <span class='ocr_line' id='line_1_18' title="bbox 82 1741 1072 1826; baseline 0.001 -21"><span class='ocrx_word' id='word_1_122' title='bbox 82 1742 224 1806; x_wconf 86' lang='lat' dir='ltr'><strong>adducto</strong></span> <span class='ocrx_word' id='word_1_123' title='bbox 253 1763 360 1806; x_wconf 90' lang='lat' dir='ltr'><strong>secum</strong></span> <span class='ocrx_word' id='word_1_124' title='bbox 384 1742 462 1806; x_wconf 86' lang='lat' dir='ltr'><strong>duce</strong></span> <span class='ocrx_word' id='word_1_125' title='bbox 486 1761 537 1824; x_wconf 91' lang='lat' dir='ltr'><strong>eo,</strong></span> <span class='ocrx_word' id='word_1_126' title='bbox 567 1743 718 1826; x_wconf 91' lang='lat' dir='ltr'><strong>quicum</strong></span> <span class='ocrx_word' id='word_1_127' title='bbox 740 1741 906 1807; x_wconf 86' lang='lat' dir='ltr'><strong>Antenore</strong></span> <span class='ocrx_word' id='word_1_128' title='bbox 928 1745 994 1806; x_wconf 90' lang='lat' dir='ltr'><strong>iam</strong></span> <span class='ocrx_word' id='word_1_129' title='bbox 1017 1765 1072 1806; x_wconf 88' lang='lat' dir='ltr'><strong>na·</strong></span> 
     </span>
     <span class='ocr_line' id='line_1_19' title="bbox 82 1830 1073 1914; baseline 0.001 -22"><span class='ocrx_word' id='word_1_130' title='bbox 82 1830 254 1914; x_wconf 75' lang='lat' dir='ltr'><strong>rigaverat</strong></span> <span class='ocrx_word' id='word_1_131' title='bbox 299 1845 366 1894; x_wconf 89' lang='lat' dir='ltr'><strong>non</strong></span> <span class='ocrx_word' id='word_1_132' title='bbox 388 1831 507 1894; x_wconf 91' lang='lat' dir='ltr'><strong>multos</strong></span> <span class='ocrx_word' id='word_1_133' title='bbox 532 1835 606 1894; x_wconf 89' lang='lat' dir='ltr'><strong>ante</strong></span> <span class='ocrx_word' id='word_1_134' title='bbox 630 1830 697 1894; x_wconf 88' lang='lat' dir='ltr'><strong>dies</strong></span> <span class='ocrx_word' id='word_1_135' title='bbox 719 1851 816 1912; x_wconf 87' lang='lat' dir='ltr'><strong>quarn</strong></span> <span class='ocrx_word' id='word_1_136' title='bbox 834 1830 1017 1894; x_wconf 86' lang='lat' dir='ltr'><strong>Alexander</strong></span> <span class='ocrx_word' id='word_1_137' title='bbox 1039 1831 1073 1893; x_wconf 93' lang='lat' dir='ltr'><strong>in</strong></span> 
     </span>
     <span class='ocr_line' id='line_1_20' title="bbox 82 1915 1073 2003; baseline -0.001 -22"><span class='ocrx_word' id='word_1_138' title='bbox 82 1917 254 1982; x_wconf 89' lang='lat' dir='ltr'><strong>Graeciam</strong></span> <span class='ocrx_word' id='word_1_139' title='bbox 276 1919 454 2003; x_wconf 84' lang='lat' dir='ltr'><strong>navigavit,</strong></span> <span class='ocrx_word' id='word_1_140' title='bbox 481 1922 513 1981; x_wconf 90' lang='lat' dir='ltr'><strong>et</strong></span> <span class='ocrx_word' id='word_1_141' title='bbox 531 1922 705 2002; x_wconf 89' lang='lat' dir='ltr'><strong>antequam</strong></span> <span class='ocrx_word' id='word_1_142' title='bbox 724 1918 863 1982; x_wconf 90' lang='lat' dir='ltr'><strong>insulam</strong></span> <span class='ocrx_word' id='word_1_143' title='bbox 882 1915 1073 2001; x_wconf 82' lang='lat' dir='ltr'><strong>Cytheream</strong></span> 
     </span>
     <span class='ocr_line' id='line_1_21' title="bbox 82 2004 1113 2090; baseline 0.001 -21"><span class='ocrx_word' id='word_1_144' title='bbox 82 2007 264 2087; x_wconf 86' lang='lat' dir='ltr'><strong>accederet,</strong></span> <span class='ocrx_word' id='word_1_145' title='bbox 286 2005 451 2070; x_wconf 84' lang='lat' dir='ltr'><strong>Menelaus</strong></span> <span class='ocrx_word' id='word_1_146' title='bbox 476 2007 516 2070; x_wconf 89' lang='lat' dir='ltr'><strong>ad</strong></span> <span class='ocrx_word' id='word_1_147' title='bbox 538 2004 710 2071; x_wconf 84' lang='lat' dir='ltr'><strong>Nestorem</strong></span> <span class='ocrx_word' id='word_1_148' title='bbox 732 2005 848 2090; x_wconf 84' lang='lat' dir='ltr'><strong>Pylum</strong></span> <span class='ocrx_word' id='word_1_149' title='bbox 868 2005 1072 2088; x_wconf 89' lang='lat' dir='ltr'><strong>proficiscens</strong></span> <span class='ocrx_word' id='word_1_150' title='bbox 1087 2023 1113 2059; x_wconf 72' lang='lat'><strong>⁴20</strong></span> 
     </span>
     <span class='ocr_line' id='line_1_22' title="bbox 81 2094 1072 2160; baseline -0.001 -2"><span class='ocrx_word' id='word_1_151' title='bbox 81 2095 270 2159; x_wconf 83' lang='lat' dir='ltr'><strong>Alexandro</strong></span> <span class='ocrx_word' id='word_1_152' title='bbox 302 2095 336 2158; x_wconf 91' lang='lat' dir='ltr'><strong>in</strong></span> <span class='ocrx_word' id='word_1_153' title='bbox 368 2095 483 2159; x_wconf 90' lang='lat' dir='ltr'><strong>itinere</strong></span> <span class='ocrx_word' id='word_1_154' title='bbox 513 2094 651 2160; x_wconf 87' lang='lat' dir='ltr'><strong>occurrit</strong></span> <span class='ocrx_word' id='word_1_155' title='bbox 677 2099 710 2158; x_wconf 91' lang='lat' dir='ltr'><strong>et</strong></span> <span class='ocrx_word' id='word_1_156' title='bbox 737 2094 914 2158; x_wconf 89' lang='lat' dir='ltr'><strong>mirabatur</strong></span> <span class='ocrx_word' id='word_1_157' title='bbox 937 2094 1072 2158; x_wconf 86' lang='lat' dir='ltr'><strong>classem</strong></span> 
     </span>
     <span class='ocr_line' id='line_1_23' title="bbox 81 2183 1074 2268; baseline -0.001 -22"><span class='ocrx_word' id='word_1_158' title='bbox 81 2184 209 2267; x_wconf 84' lang='lat' dir='ltr'><strong>regiam</strong></span> <span class='ocrx_word' id='word_1_159' title='bbox 233 2204 297 2267; x_wconf 87' lang='lat' dir='ltr'><strong>quo</strong></span> <span class='ocrx_word' id='word_1_160' title='bbox 319 2183 475 2247; x_wconf 88' lang='lat' dir='ltr'><strong>tenderet.</strong></span> <span class='ocrx_word' id='word_1_161' title='bbox 510 2183 637 2266; x_wconf 87' lang='lat' dir='ltr'><strong>utrique</strong></span> <span class='ocrx_word' id='word_1_162' title='bbox 657 2187 858 2261; x_wconf 88' lang='lat' dir='ltr'><strong>occurrentes</strong></span> <span class='ocrx_word' id='word_1_163' title='bbox 880 2187 1074 2268; x_wconf 85' lang='lat' dir='ltr'><strong>aspexerunt</strong></span> 
     </span>
     <span class='ocr_line' id='line_1_24' title="bbox 82 2269 1073 2355; baseline 0.001 -21"><span class='ocrx_word' id='word_1_164' title='bbox 82 2293 119 2335; x_wconf 87' lang='lat' dir='ltr'><strong>se</strong></span> <span class='ocrx_word' id='word_1_165' title='bbox 142 2271 280 2334; x_wconf 88' lang='lat' dir='ltr'><strong>invicem</strong></span> <span class='ocrx_word' id='word_1_166' title='bbox 303 2271 397 2336; x_wconf 85' lang='lat' dir='ltr'><strong>inscii</strong></span> <span class='ocrx_word' id='word_1_167' title='bbox 416 2293 479 2355; x_wconf 87' lang='lat' dir='ltr'><strong>quo</strong></span> <span class='ocrx_word' id='word_1_168' title='bbox 504 2271 638 2355; x_wconf 90' lang='lat' dir='ltr'><strong>quisque</strong></span> <span class='ocrx_word' id='word_1_169' title='bbox 660 2271 730 2335; x_wconf 88' lang='lat' dir='ltr'><strong>iret.</strong></span> <span class='ocrx_word' id='word_1_170' title='bbox 767 2269 882 2336; x_wconf 82' lang='lat' dir='ltr'><strong>Castor</strong></span> <span class='ocrx_word' id='word_1_171' title='bbox 905 2275 938 2335; x_wconf 95' lang='lat' dir='ltr'><strong>et</strong></span> <span class='ocrx_word' id='word_1_172' title='bbox 958 2270 1073 2335; x_wconf 79' lang='lat' dir='ltr'><strong>Pollux</strong></span> 
     </span>
     <span class='ocr_line' id='line_1_25' title="bbox 82 2357 1072 2443; baseline 0.001 -20"><span class='ocrx_word' id='word_1_173' title='bbox 82 2359 126 2423; x_wconf 89' lang='lat' dir='ltr'><strong>ad</strong></span> <span class='ocrx_word' id='word_1_174' title='bbox 154 2357 401 2442; x_wconf 78' lang='lat' dir='ltr'><strong>Clytemestram</strong></span> <span class='ocrx_word' id='word_1_175' title='bbox 421 2360 538 2423; x_wconf 67' lang='lat' dir='ltr'><strong>⁴ierant</strong></span> <span class='ocrx_word' id='word_1_176' title='bbox 556 2379 677 2440; x_wconf 32' lang='lat' dir='ltr'><strong>„secum</strong></span> <span class='ocrx_word' id='word_1_177' title='bbox 704 2358 914 2424; x_wconf 84' lang='lat' dir='ltr'><strong>Hermionam</strong></span> <span class='ocrx_word' id='word_1_178' title='bbox 942 2363 1072 2443; x_wconf 88' lang='lat' dir='ltr'><strong>neptem</strong></span> 
     </span>
    </p>
   </div>
   <div class='ocr_carea' id='block_1_3' title="bbox 79 2585 1073 3404">
    <p class='ocr_par' dir='ltr' id='par_1_3' title="bbox 79 2585 1073 3364">
     <span class='ocr_line' id='line_1_26' title="bbox 158 2585 1073 2658; baseline 0.004 -19"><span class='ocrx_word' id='word_1_179' title='bbox 158 2591 173 2639; x_wconf 83' lang='lat'><strong>2</strong></span> <span class='ocrx_word' id='word_1_180' title='bbox 193 2588 222 2640; x_wconf 91' lang='lat' dir='ltr'><strong>et</strong></span> <span class='ocrx_word' id='word_1_181' title='bbox 247 2585 288 2640; x_wconf 88' lang='lat' dir='ltr'><strong>ita</strong></span> <span class='ocrx_word' id='word_1_182' title='bbox 307 2588 425 2654; x_wconf 87' lang='lat' dir='ltr'><strong>paratus</strong></span> <span class='ocrx_word' id='word_1_183' title='bbox 449 2589 492 2640; x_wconf 87' lang='lat' dir='ltr'><strong>est</strong></span> <span class='ocrx_word' id='word_1_184' title='bbox 509 2587 537 2640; x_wconf 92' lang='lat' dir='ltr'>B</span> <span class='ocrx_word' id='word_1_185' title='bbox 556 2602 605 2640; x_wconf 80' lang='lat' dir='ltr'><strong>om.</strong></span> <span class='ocrx_word' id='word_1_186' title='bbox 625 2602 681 2640; x_wconf 84' lang='lat' dir='ltr'><strong>aon</strong></span> <span class='ocrx_word' id='word_1_187' title='bbox 703 2587 773 2641; x_wconf 76' lang='lat' dir='ltr'><strong>orale</strong></span> <span class='ocrx_word' id='word_1_188' title='bbox 796 2586 823 2639; x_wconf 91' lang='lat' dir='ltr'><em>V</em></span> <span class='ocrx_word' id='word_1_189' title='bbox 855 2587 985 2658; x_wconf 84' lang='lat' dir='ltr'><strong>paratus]</strong></span> <span class='ocrx_word' id='word_1_190' title='bbox 1009 2606 1073 2658; x_wconf 89' lang='lat' dir='ltr'><strong>pro-</strong></span> 
     </span>
     <span class='ocr_line' id='line_1_27' title="bbox 80 2655 1072 2726; baseline 0.002 -16"><span class='ocrx_word' id='word_1_191' title='bbox 80 2657 175 2710; x_wconf 77' lang='lat' dir='ltr'><strong>fectus</strong></span> <span class='ocrx_word' id='word_1_192' title='bbox 200 2657 237 2709; x_wconf 90' lang='lat' dir='ltr'><em>M</em></span> <span class='ocrx_word' id='word_1_193' title='bbox 256 2659 259 2724; x_wconf 92' lang='grc' dir='ltr'>Ι</span> <span class='ocrx_word' id='word_1_194' title='bbox 276 2655 399 2711; x_wconf 88' lang='lat' dir='ltr'><strong>essetG</strong></span> <span class='ocrx_word' id='word_1_195' title='bbox 470 2657 598 2726; x_wconf 67' lang='lat' dir='ltr'><strong>‘epatris</strong></span> <span class='ocrx_word' id='word_1_196' title='bbox 622 2655 769 2712; x_wconf 88' lang='lat' dir='ltr'><strong>consilium</strong></span> <span class='ocrx_word' id='word_1_197' title='bbox 794 2657 894 2712; x_wconf 87' lang='lat' dir='ltr'><strong>om.G</strong></span> <span class='ocrx_word' id='word_1_198' title='bbox 966 2664 983 2711; x_wconf 83' lang='lat'><strong>4</strong></span> <span class='ocrx_word' id='word_1_199' title='bbox 1009 2675 1072 2726; x_wconf 91' lang='lat' dir='ltr'><strong>per-</strong></span> 
     </span>
     <span class='ocr_line' id='line_1_28' title="bbox 81 2727 1073 2798; baseline 0.002 -17"><span class='ocrx_word' id='word_1_200' title='bbox 81 2729 243 2782; x_wconf 81' lang='lat' dir='ltr'><strong>seuerasset</strong></span> <span class='ocrx_word' id='word_1_201' title='bbox 262 2728 300 2781; x_wconf 89' lang='lat' dir='ltr'><strong><em>M</em></strong></span> <span class='ocrx_word' id='word_1_202' title='bbox 369 2727 498 2798; x_wconf 75' lang='lat' dir='ltr'><strong>unaues]</strong></span> <span class='ocrx_word' id='word_1_203' title='bbox 513 2728 616 2782; x_wconf 83' lang='lat' dir='ltr'><strong>classes</strong></span> <span class='ocrx_word' id='word_1_204' title='bbox 632 2729 658 2782; x_wconf 88' lang='lat' dir='ltr'><strong>G</strong></span> <span class='ocrx_word' id='word_1_205' title='bbox 729 2727 883 2797; x_wconf 86' lang='lat' dir='ltr'><strong>8phosnia</strong></span> <span class='ocrx_word' id='word_1_206' title='bbox 898 2729 936 2781; x_wconf 89' lang='lat' dir='ltr'><strong><em>M</em></strong></span> <span class='ocrx_word' id='word_1_207' title='bbox 969 2729 1073 2797; x_wconf 86' lang='lat' dir='ltr'><strong>peonia</strong></span> 
     </span>
     <span class='ocr_line' id='line_1_29' title="bbox 82 2797 1069 2870; baseline 0 -18"><span class='ocrx_word' id='word_1_208' title='bbox 82 2798 110 2852; x_wconf 87' lang='lat' dir='ltr'><strong>G</strong></span> <span class='ocrx_word' id='word_1_209' title='bbox 127 2800 130 2864; x_wconf 78' lang='lat' dir='ltr'><strong>l</strong></span> <span class='ocrx_word' id='word_1_210' title='bbox 147 2797 282 2868; x_wconf 82' lang='lat' dir='ltr'><strong>nauigare</strong></span> <span class='ocrx_word' id='word_1_211' title='bbox 306 2799 385 2864; x_wconf 78' lang='lat' dir='ltr'><strong>libri,</strong></span> <span class='ocrx_word' id='word_1_212' title='bbox 408 2798 538 2868; x_wconf 86' lang='lat' dir='ltr'><strong>nauigari</strong></span> <span class='ocrx_word' id='word_1_213' title='bbox 560 2799 729 2854; x_wconf 76' lang='lat' dir='ltr'><strong>Dedera&#39;chas</strong></span> <span class='ocrx_word' id='word_1_214' title='bbox 807 2805 839 2852; x_wconf 91' lang='lat'><strong>10</strong></span> <span class='ocrx_word' id='word_1_215' title='bbox 862 2798 1000 2852; x_wconf 85' lang='lat' dir='ltr'><strong>exercitus</strong></span> <span class='ocrx_word' id='word_1_216' title='bbox 1024 2799 1069 2870; x_wconf 66' lang='lat' dir='ltr'><strong>Gt</strong></span> 
     </span>
     <span class='ocr_line' id='line_1_30' title="bbox 80 2867 1071 2938; baseline 0.001 -17"><span class='ocrx_word' id='word_1_217' title='bbox 80 2867 221 2938; x_wconf 79' lang='lat' dir='ltr'><strong>praefecit</strong></span> <span class='ocrx_word' id='word_1_218' title='bbox 240 2869 278 2922; x_wconf 94' lang='lat' dir='ltr'><em>M</em></span> <span class='ocrx_word' id='word_1_219' title='bbox 282 2868 307 2923; x_wconf 89' lang='lat' dir='ltr'><strong>G</strong></span> <span class='ocrx_word' id='word_1_220' title='bbox 343 2868 470 2938; x_wconf 87' lang='lat' dir='ltr'><strong>praeficit</strong></span> <span class='ocrx_word' id='word_1_221' title='bbox 487 2870 515 2923; x_wconf 86' lang='lat' dir='ltr'><em>B</em></span> <span class='ocrx_word' id='word_1_222' title='bbox 589 2877 619 2923; x_wconf 90' lang='lat'><strong>11</strong></span> <span class='ocrx_word' id='word_1_223' title='bbox 634 2869 721 2938; x_wconf 88' lang='lat' dir='ltr'><strong>polid.</strong></span> <span class='ocrx_word' id='word_1_224' title='bbox 737 2869 775 2922; x_wconf 90' lang='lat' dir='ltr'><em>M</em></span> <span class='ocrx_word' id='word_1_225' title='bbox 779 2867 805 2922; x_wconf 86' lang='lat' dir='ltr'><strong>G</strong></span> <span class='ocrx_word' id='word_1_226' title='bbox 822 2871 873 2935; x_wconf 73' lang='lat' dir='ltr'><strong>lut</strong></span> <span class='ocrx_word' id='word_1_227' title='bbox 884 2900 916 2906; x_wconf 98' lang='lat'><em>-</em></span> <span class='ocrx_word' id='word_1_228' title='bbox 926 2870 1007 2938; x_wconf 87' lang='lat' dir='ltr'><strong>petat</strong></span> <span class='ocrx_word' id='word_1_229' title='bbox 1020 2885 1071 2922; x_wconf 86' lang='lat' dir='ltr'><strong>om.</strong></span> 
     </span>
     <span class='ocr_line' id='line_1_31' title="bbox 80 2937 1073 3010; baseline 0.002 -18"><span class='ocrx_word' id='word_1_230' title='bbox 80 2939 161 3004; x_wconf 79' lang='lat' dir='ltr'><strong>libri,</strong></span> <span class='ocrx_word' id='word_1_231' title='bbox 175 2939 312 2994; x_wconf 71' lang='lat' dir='ltr'><strong>reddedit.</strong></span> <span class='ocrx_word' id='word_1_232' title='bbox 329 2937 419 2993; x_wconf 78' lang='lat' dir='ltr'><strong>Venet.</strong></span> <span class='ocrx_word' id='word_1_233' title='bbox 432 2946 499 2995; x_wconf 87' lang='lat'>1499</span> <span class='ocrx_word' id='word_1_234' title='bbox 523 2953 579 3008; x_wconf 76' lang='lat' dir='ltr'><strong>pro</strong></span> <span class='ocrx_word' id='word_1_235' title='bbox 592 2939 743 3010; x_wconf 76' lang='lat' dir='ltr'><strong>hierogare</strong></span> <span class='ocrx_word' id='word_1_236' title='bbox 753 2937 783 2993; x_wconf 91' lang='lat' dir='ltr'><em>D</em></span> <span class='ocrx_word' id='word_1_237' title='bbox 838 2944 870 2992; x_wconf 86' lang='lat'><strong>13</strong></span> <span class='ocrx_word' id='word_1_238' title='bbox 885 2955 962 2993; x_wconf 90' lang='lat' dir='ltr'><strong>soror</strong></span> <span class='ocrx_word' id='word_1_239' title='bbox 976 2938 1036 2994; x_wconf 90' lang='lat' dir='ltr'><strong>eius</strong></span> <span class='ocrx_word' id='word_1_240' title='bbox 1046 2940 1073 2994; x_wconf 89' lang='lat' dir='ltr'><strong>G</strong></span> 
     </span>
     <span class='ocr_line' id='line_1_32' title="bbox 82 3009 1072 3091; baseline 0.002 -29"><span class='ocrx_word' id='word_1_241' title='bbox 82 3015 118 3063; x_wconf 83' lang='lat'><strong>15</strong></span> <span class='ocrx_word' id='word_1_242' title='bbox 133 3009 272 3064; x_wconf 83' lang='lat' dir='ltr'><strong>exereitus</strong></span> <span class='ocrx_word' id='word_1_243' title='bbox 286 3027 313 3079; x_wconf 86' lang='lat' dir='ltr'><strong>p.</strong></span> <span class='ocrx_word' id='word_1_244' title='bbox 328 3009 359 3063; x_wconf 88' lang='lat' dir='ltr'><strong>in</strong></span> <span class='ocrx_word' id='word_1_245' title='bbox 372 3028 413 3080; x_wconf 83' lang='lat' dir='ltr'><strong>gr.</strong></span> <span class='ocrx_word' id='word_1_246' title='bbox 428 3010 505 3064; x_wconf 88' lang='lat' dir='ltr'><strong>mitti</strong></span> <span class='ocrx_word' id='word_1_247' title='bbox 520 3010 546 3064; x_wconf 97' lang='lat' dir='ltr'><strong>G</strong></span> <span class='ocrx_word' id='word_1_248' title='bbox 615 3015 646 3064; x_wconf 78' lang='grc'><strong>17</strong></span> <span class='ocrx_word' id='word_1_249' title='bbox 660 3010 718 3063; x_wconf 86' lang='lat' dir='ltr'><strong>iam</strong></span> <span class='ocrx_word' id='word_1_250' title='bbox 732 3009 868 3091; x_wconf 73' lang='lat' dir='ltr'><strong>nauigare</strong></span> <span class='ocrx_word' id='word_1_251' title='bbox 882 3009 990 3063; x_wconf 89' lang='lat' dir='ltr'><strong>sciebat</strong></span> <span class='ocrx_word' id='word_1_252' title='bbox 1004 3011 1042 3062; x_wconf 95' lang='lat' dir='ltr'><em>M</em></span> <span class='ocrx_word' id='word_1_253' title='bbox 1046 3009 1072 3064; x_wconf 89' lang='lat' dir='ltr'><strong>G</strong></span> 
     </span>
     <span class='ocr_line' id='line_1_33' title="bbox 79 3079 1072 3151; baseline 0 -17"><span class='ocrx_word' id='word_1_254' title='bbox 79 3085 107 3134; x_wconf 83' lang='lat' dir='ltr'><strong>et</strong></span> <span class='ocrx_word' id='word_1_255' title='bbox 135 3095 226 3134; x_wconf 78' lang='lat' dir='ltr'><strong>ornnes</strong></span> <span class='ocrx_word' id='word_1_256' title='bbox 250 3081 306 3147; x_wconf 82' lang='lat' dir='ltr'><strong>fere</strong></span> <span class='ocrx_word' id='word_1_257' title='bbox 328 3081 407 3148; x_wconf 72' lang='lat' dir='ltr'><strong>libri,</strong></span> <span class='ocrx_word' id='word_1_258' title='bbox 434 3081 512 3150; x_wconf 87' lang='lat' dir='ltr'><strong>prius</strong></span> <span class='ocrx_word' id='word_1_259' title='bbox 540 3080 716 3151; x_wconf 80' lang='lat' dir='ltr'><strong>nauigabant</strong></span> <span class='ocrx_word' id='word_1_260' title='bbox 738 3079 766 3134; x_wconf 83' lang='lat' dir='ltr'><em>R</em></span> <span class='ocrx_word' id='word_1_261' title='bbox 806 3096 864 3134; x_wconf 81' lang='lat' dir='ltr'><strong>ram</strong></span> <span class='ocrx_word' id='word_1_262' title='bbox 892 3079 969 3148; x_wconf 83' lang='lat' dir='ltr'><strong>prius</strong></span> <span class='ocrx_word' id='word_1_263' title='bbox 993 3081 1072 3134; x_wconf 85' lang='lat' dir='ltr'><strong>naui·</strong></span> 
     </span>
     <span class='ocr_line' id='line_1_34' title="bbox 79 3150 1070 3222; baseline 0.001 -18"><span class='ocrx_word' id='word_1_264' title='bbox 79 3153 204 3222; x_wconf 85' lang='lat' dir='ltr'><strong>gauerat</strong></span> <span class='ocrx_word' id='word_1_265' title='bbox 217 3152 279 3205; x_wconf 78' lang='lat' dir='ltr'><strong>edit.</strong></span> <span class='ocrx_word' id='word_1_266' title='bbox 300 3150 390 3206; x_wconf 76' lang='lat' dir='ltr'><strong>Vener.</strong></span> <span class='ocrx_word' id='word_1_267' title='bbox 408 3157 476 3206; x_wconf 85' lang='lat'>1499</span> <span class='ocrx_word' id='word_1_268' title='bbox 550 3158 583 3206; x_wconf 89' lang='lat'><strong>19</strong></span> <span class='ocrx_word' id='word_1_269' title='bbox 598 3151 627 3205; x_wconf 92' lang='lat' dir='ltr'><strong>in</strong></span> <span class='ocrx_word' id='word_1_270' title='bbox 638 3157 701 3205; x_wconf 82' lang='lat' dir='ltr'><strong>cate</strong></span> <span class='ocrx_word' id='word_1_271' title='bbox 714 3151 835 3205; x_wconf 84' lang='lat' dir='ltr'><strong>insulam</strong></span> <span class='ocrx_word' id='word_1_272' title='bbox 845 3150 909 3204; x_wconf 82' lang='lat' dir='ltr'><strong>add.</strong></span> <span class='ocrx_word' id='word_1_273' title='bbox 919 3151 1050 3205; x_wconf 78' lang='lat' dir='ltr'><strong>editiones</strong></span> <span class='ocrx_word' id='word_1_274' title='bbox 1066 3151 1070 3222; x_wconf 72' lang='lat' dir='ltr'><strong>l</strong></span> 
     </span>
     <span class='ocr_line' id='line_1_35' title="bbox 79 3220 1072 3290; baseline 0 -14"><span class='ocrx_word' id='word_1_275' title='bbox 79 3220 220 3290; x_wconf 83' lang='lat' dir='ltr'><strong>cyteriem</strong></span> <span class='ocrx_word' id='word_1_276' title='bbox 234 3223 272 3276; x_wconf 87' lang='lat' dir='ltr'><em>M</em></span> <span class='ocrx_word' id='word_1_277' title='bbox 305 3220 459 3277; x_wconf 87' lang='lat' dir='ltr'><strong>citheream</strong></span> <span class='ocrx_word' id='word_1_278' title='bbox 478 3223 504 3276; x_wconf 93' lang='lat' dir='ltr'><strong>G</strong></span> <span class='ocrx_word' id='word_1_279' title='bbox 540 3222 703 3290; x_wconf 86' lang='lat' dir='ltr'><strong>cytheream</strong></span> <span class='ocrx_word' id='word_1_280' title='bbox 725 3222 755 3275; x_wconf 92' lang='lat' dir='ltr'><em>D</em></span> <span class='ocrx_word' id='word_1_281' title='bbox 777 3227 802 3276; x_wconf 86' lang='lat' dir='ltr'><strong>et</strong></span> <span class='ocrx_word' id='word_1_282' title='bbox 824 3222 864 3275; x_wconf 81' lang='lat' dir='ltr'><strong>sic</strong></span> <span class='ocrx_word' id='word_1_283' title='bbox 887 3221 965 3287; x_wconf 78' lang='lat' dir='ltr'><strong>infra</strong></span> <span class='ocrx_word' id='word_1_284' title='bbox 1037 3227 1072 3276; x_wconf 78' lang='lat'><strong>90</strong></span> 
     </span>
     <span class='ocr_line' id='line_1_36' title="bbox 79 3290 1072 3364; baseline 0.001 -18"><span class='ocrx_word' id='word_1_285' title='bbox 79 3292 250 3347; x_wconf 86' lang='lat' dir='ltr'><strong>accederent</strong></span> <span class='ocrx_word' id='word_1_286' title='bbox 273 3293 311 3346; x_wconf 90' lang='lat' dir='ltr'><em>M</em></span> <span class='ocrx_word' id='word_1_287' title='bbox 330 3297 333 3360; x_wconf 90' lang='grc' dir='ltr'>Ι</span> <span class='ocrx_word' id='word_1_288' title='bbox 353 3293 425 3363; x_wconf 84' lang='lat' dir='ltr'><strong>prof.</strong></span> <span class='ocrx_word' id='word_1_289' title='bbox 448 3293 583 3364; x_wconf 88' lang='lat' dir='ltr'><strong>pilumG</strong></span> <span class='ocrx_word' id='word_1_290' title='bbox 656 3298 689 3346; x_wconf 77' lang='lat'><strong>22</strong></span> <span class='ocrx_word' id='word_1_291' title='bbox 712 3290 910 3346; x_wconf 88' lang='lat' dir='ltr'><strong>tenderentG</strong></span> <span class='ocrx_word' id='word_1_292' title='bbox 983 3297 1017 3346; x_wconf 76' lang='lat'><strong>23</strong></span> <span class='ocrx_word' id='word_1_293' title='bbox 1041 3309 1072 3347; x_wconf 88' lang='lat' dir='ltr'><strong>se</strong></span> 
     </span>
    </p>

    <p class='ocr_par' dir='ltr' id='par_1_4' title="bbox 1038 3376 1054 3404">
     <span class='ocr_line' id='line_1_37' title="bbox 1038 3376 1054 3404; baseline 0 0"><span class='ocrx_word' id='word_1_294' title='bbox 1038 3376 1054 3404; x_wconf 87' lang='lat'><strong>11</strong></span> 
     </span>
    </p>
   </div>
   <div class='ocr_carea' id='block_1_4' title="bbox 77 3393 1071 3579">
    <p class='ocr_par' dir='ltr' id='par_1_5' title="bbox 77 3393 1071 3579">
     <span class='ocr_line' id='line_1_38' title="bbox 77 3393 1071 3486; baseline 0 -16"><span class='ocrx_word' id='word_1_295' title='bbox 77 3393 132 3470; x_wconf 83' lang='lat' dir='ltr'><strong>om.</strong></span> <span class='ocrx_word' id='word_1_296' title='bbox 154 3415 193 3468; x_wconf 92' lang='lat' dir='ltr'><em>M</em></span> <span class='ocrx_word' id='word_1_297' title='bbox 207 3418 210 3483; x_wconf 83' lang='grc' dir='ltr'>Ι</span> <span class='ocrx_word' id='word_1_298' title='bbox 226 3415 319 3486; x_wconf 90' lang='lat' dir='ltr'><strong>inscii]</strong></span> <span class='ocrx_word' id='word_1_299' title='bbox 342 3417 372 3472; x_wconf 85' lang='lat' dir='ltr'><strong>in</strong></span> <span class='ocrx_word' id='word_1_300' title='bbox 392 3417 431 3470; x_wconf 91' lang='lat' dir='ltr'><em>M</em></span> <span class='ocrx_word' id='word_1_301' title='bbox 500 3423 535 3470; x_wconf 80' lang='lat'><strong>24</strong></span> <span class='ocrx_word' id='word_1_302' title='bbox 553 3416 752 3470; x_wconf 87' lang='lat' dir='ltr'><strong>clitemestrem</strong></span> <span class='ocrx_word' id='word_1_303' title='bbox 776 3413 801 3469; x_wconf 89' lang='lat' dir='ltr'><strong>G</strong></span> <span class='ocrx_word' id='word_1_304' title='bbox 828 3413 1071 3471; x_wconf 54' lang='lat' dir='ltr'><strong>‹claremontem-</strong></span> 
     </span>
     <span class='ocr_line' id='line_1_39' title="bbox 78 3487 1050 3579; baseline -0.001 -22"><span class='ocrx_word' id='word_1_305' title='bbox 78 3519 127 3558; x_wconf 82' lang='lat' dir='ltr'><strong>sra</strong></span> <span class='ocrx_word' id='word_1_306' title='bbox 148 3504 187 3579; x_wconf 88' lang='lat' dir='ltr'><em>M</em></span> <span class='ocrx_word' id='word_1_307' title='bbox 201 3507 204 3570; x_wconf 82' lang='grc' dir='ltr'>Ι</span> <span class='ocrx_word' id='word_1_308' title='bbox 221 3503 395 3559; x_wconf 86' lang='lat' dir='ltr'><strong>hermeniam</strong></span> <span class='ocrx_word' id='word_1_309' title='bbox 415 3505 589 3574; x_wconf 66' lang='lat' dir='ltr'><strong>Gineptem</strong></span> <span class='ocrx_word' id='word_1_310' title='bbox 609 3487 688 3558; x_wconf 80' lang='lat' dir='ltr'><strong>suam</strong></span> <span class='ocrx_word' id='word_1_311' title='bbox 706 3502 830 3556; x_wconf 85' lang='lat' dir='ltr'><strong>Helenae</strong></span> <span class='ocrx_word' id='word_1_312' title='bbox 849 3519 898 3558; x_wconf 85' lang='lat' dir='ltr'><strong>om.</strong></span> <span class='ocrx_word' id='word_1_313' title='bbox 920 3505 962 3556; x_wconf 90' lang='lat' dir='ltr'><strong>M.</strong></span> <span class='ocrx_word' id='word_1_314' title='bbox 1045 3490 1050 3502; x_wconf 75' lang='grc'><em>’</em></span> 
     </span>
    </p>
   </div>
   <div class='ocr_carea' id='block_1_5' title="bbox 0 0 1216 3938">
    <p class='ocr_par' dir='ltr' id='par_1_6' title="bbox 0 0 1216 3938">
     <span class='ocr_line' id='line_1_40' title="bbox 0 0 1216 3938; baseline 0 0"><span class='ocrx_word' id='word_1_315' title='bbox 0 0 1216 3938; x_wconf 95' lang='lat' dir='ltr'><strong> </strong></span> 
     </span>
    </p>
   </div>
  </div>
 </body>
</html>
