2460 3940
149 195 190 260 36
458 196 590 249 nrc'rrs
609 195 809 249 canrnusrs

149 367 223 412 cum
250 347 321 430 quis
350 368 445 495 super
472 346 531 411 tali
557 347 690 496 neglotio
719 346 924 431 disceptaret:
957 347 1116 432 electique
1217 349 1219 357 ’

57 463 63 470 ·
148 432 373 516 Agamemnon
411 430 584 496 domeneus
631 432 711 496 lixes
733 435 829 516 atque
850 431 1031 517 Diomedes,
1058 434 1116 516 qui

149 521 271 581 secreto
294 516 334 580 ab
362 515 433 580 aliis
455 516 672 600 proditionem
697 521 907 600 componunt.
949 521 1117 601 praeterea
1220 553 1221 572 ι

148 602 263 684 placet,
286 601 334 665 uti
356 601 495 684 Aeneae,
518 601 546 664 si
567 622 754 684 permanere
776 601 811 666 in
825 601 888 666 fide
910 601 1016 685 vellet,
1039 623 1115 686 pars

123 684 285 768 epraedae
307 689 340 750 et
354 684 467 749 domus
482 686 632 750 universa
646 686 714 750 eius
729 686 908 769 incolumis,
929 687 992 770 ipsi
1006 691 1116 752 autem
1220 755 1221 772 ,

148 770 310 834 Antenori
332 768 500 834 dimidium
522 771 682 835 bonorum
696 769 819 836 Priami
841 792 1041 856 regnumque
1056 772 1116 836 uni
1220 835 1221 844 ,

148 854 289 920 filiorum
312 854 390 938 eius,
413 875 509 938 quem
531 855 689 941 elegisset,
712 855 948 921 concederetur.
988 856 1045 920 ubi
1066 877 1114 920 sa-

148 939 190 1003 tis
212 942 383 1003 tractatum
399 940 503 1004 visum
526 944 583 1024 est,
600 943 747 1004 Antenor
768 940 809 1005 ad
824 940 987 1005 civitatem
1009 941 1116 1005 dimit·

149 1023 238 1105 titur,
261 1023 403 1087 referens
419 1024 459 1088 ad
481 1045 556 1089 suos
573 1025 750 1108 composita
771 1025 857 1089 inter
871 1046 904 1090 ae
926 1025 1023 1110 longe
1041 1025 1114 1109 aha,

112 1107 185 1171 rein
213 1107 300 1191 quis,
329 1108 449 1173 donum
471 1108 636 1174 Minervae
663 1110 769 1192 parari
796 1110 968 1176 aGraecis
996 1131 1115 1194 eosque

149 1193 651 1362 {tlhalhtlffltt
670 1193 1013 1364 thabatha
1031 1215 1115 1344 sti?

148 1363 255 1446 posito
282 1363 415 1447 negotio
444 1363 592 1428 Antenor
624 1363 806 1447 traditoque
842 1364 903 1428 sibi
931 1363 1115 1448 Talthybio,

149 1468 213 1528 quo
235 1469 286 1511 res
307 1448 403 1512 fidem
426 1449 594 1532 acciperet,
617 1448 657 1512 ad
680 1447 809 1512 Troiam
831 1449 930 1513 venit.

529 1671 731 1679 ———-

423 1803 577 1876 LIBER
604 1802 847 1894 QUINTUS.

111 2029 136 2070 15
233 2001 258 2065 Ι.
295 2003 461 2069 Antenore
495 2003 731 2089 Talthybioque
765 2005 927 2070 civitatem
959 2005 1114 2089 ingressis

150 2086 259 2152 cuncti
273 2091 444 2171 populares
467 2089 609 2172 sociique
625 2091 756 2174 cognita
777 2111 811 2167 re
826 2110 961 2239 propere
982 2111 1117 2155 coneur-

150 2176 240 2254 runt,
271 2173 435 2255 cupientes
465 2173 641 2258 dinoscere,
665 2195 746 2258 quae
771 2175 857 2257 apud
909 2195 1018 2238 raeces
1041 2175 1118 2240 aeti-

149 2259 218 2319 tata
240 2262 360 2340 essent,
384 2259 455 2341 quis
477 2257 626 2322 Antenor
646 2259 682 2322 in
703 2258 885 2342 proximum
908 2258 995 2323 diem
1014 2259 1117 2323 relata

150 2339 272 2405 differt:
301 2344 398 2489 atque
419 2343 466 2407 ita
486 2340 617 2407 dimisso
639 2346 801 2408 conventu
824 2342 1004 2409 disceditur.
1043 2365 1117 2408 eum

112 2453 138 2494 ao
151 2425 236 2490 inter
284 2446 323 2510 ep
360 2448 394 2490 as
438 2426 628 2510 Talthybius
676 2428 859 2512 interesset,
908 2427 992 2492 filios
1042 2449 1118 2492 suos

149 2531 278 2574 monere
306 2511 455 2576 Antenor
492 2511 576 2576 nihil
608 2512 659 2577 his
691 2513 726 2576 in
761 2513 828 2578 vita
863 2511 1117 2596 custodiendum,

151 2615 248 2676 quarn
269 2595 317 2659 uti
340 2596 596 2680 antiquissimam
618 2597 771 2661 ducerent
794 2619 867 2662 eum
889 2597 1019 2662 Graecis
1039 2596 1118 2660 ami-
1222 2585 1223 2664 l

150 2677 269 2761 citiam,
293 2679 367 2744 dein
389 2681 590 2766 singulorum
608 2681 806 2830 probitatem
826 2681 922 2746 fidem
950 2685 1047 2766 atque
1069 2682 1118 2745 in·
1222 2695 1223 2730 1

151 2764 334 2830 nocentiam
369 2786 647 2831 commemorano
687 2767 884 2831 ammiratur.
936 2767 983 2830 ita
1022 2766 1116 2833 finito
1222 2835 1223 2846 ,

112 2875 138 2915 ea
153 2848 302 2914 convivio
338 2854 408 2915 tum
435 2850 617 2916 disceditur.
669 2854 703 2916 at
735 2851 816 2917 lucis
844 2851 1021 2936 principio,
1052 2873 1120 2915 om·

151 2934 247 2996 nibus
269 2934 391 3000 iamin
413 2935 548 3001 consilio
572 2935 813 3020 expectantibus
841 2935 963 3020 audire,
993 2935 1021 2999 si
1044 2935 1117 3018 quis

152 3015 266 3081 modus
288 3021 387 3083 tantis
410 3020 502 3084 malis
523 3020 623 3102 fieret,
648 3041 720 3086 cum
742 3019 914 3105 Talthybio
937 3019 1006 3104 ipse
1029 3020 1120 3084 venit
1221 3029 1223 3096 f

152 3123 257 3185 neque
279 3103 382 3168 multo
410 3109 487 3188 post
507 3107 649 3189 Aeneae,
678 3106 753 3170 dein
774 3105 920 3170 Priamus
948 3125 1021 3169 cum
1043 3103 1119 3168 resi-

154 3187 225 3252 duis
246 3187 376 3272 regulis.
415 3188 552 3273 denique
568 3189 624 3253 ubi
647 3202 699 3273 ea,
722 3212 803 3273 quae
825 3189 990 3255 aGraccis
1012 3188 1120 3253 audie·
1221 3247 1223 3266 ,

115 3299 142 3339 co
155 3276 219 3354 rat,
243 3271 347 3337 dicere
369 3274 474 3338 iussus
498 3277 560 3357 est,
583 3273 645 3339 hoc
666 3275 762 3340 modo
786 3275 943 3339 disseruit.

218 3478 345 3528 taenea
364 3479 498 3529 GBcorr.
521 3481 549 3528 V
615 3482 647 3530 14
670 3482 813 3546 acceperit
832 3479 878 3532 ΕΒ
901 3481 1017 3531 eorr.V
1088 3480 1120 3530 Π
1222 3453 1223 3464 .

154 3543 260 3594 actaB
323 3547 593 3596 larciniacum
614 3547 642 3596 V
707 3546 825 3615 25tum]
863 3549 986 3614 quietum
1004 3545 1065 3598 PV.
1118 3501 1223 3610 N
