2416 3944
172 205 214 272 42
482 207 611 260 meurs
631 204 834 258 caurausrs

170 357 304 422 iniurias
327 356 458 441 ignaros
480 355 608 420 consilii
629 355 679 419 sui
700 359 829 420 nostros
858 359 891 420 ct
918 357 960 420 ob
982 356 1016 420 id
1038 359 1143 423 otiose

171 445 300 526 agentes
336 441 418 505 clam
451 440 602 505 invadere
635 443 781 523 temptat.
833 444 866 504 at
894 440 950 503 ubi
979 439 1095 507 Ulixes
1126 466 1144 506 a

170 525 355 590 custodibus
361 576 370 609 ,
394 526 450 608 qui
472 525 675 672 eruptionem
696 525 764 588 eius
787 530 1048 610 praesenserant,
1073 549 1144 592 rem

170 611 341 694 comperit,
363 631 422 694 pro
447 630 499 674 ere
544 631 617 674 uces
646 609 897 674 circumcursans
919 631 1038 696 magus
1060 633 1143 676 voce

143 699 281 759 smonet
307 699 403 777 atque
423 632 590 776 bortatur,
619 694 667 758 uti
689 693 786 758 armis
813 694 948 842 arreptis
969 699 1143 761 tuerentur

170 799 238 842 sese
244 827 253 862 ,
282 778 356 842 dein
383 779 555 843 consilium
582 779 810 862 inceptumque
833 779 882 842 Ac
909 779 971 842 'llis
999 780 1142 865 singulis

169 864 287 946 aperit:
317 883 381 947 quo
410 864 541 948 cognito
570 863 691 928 clamor
718 863 834 946 ingens
857 863 960 927 oritur
982 863 1142 929 festinau-

168 949 255 1012 tibus
277 947 317 1010 ad
339 969 428 1012 arma
449 948 573 1012 cunctis
595 968 632 1012 ac
655 967 798 1012 seorsum
820 947 881 1011 sibi
903 948 1039 1033 singulis
1062 969 1142 1014 eon-

169 1032 357 1095 sulentibus.
395 1032 441 1096 ita
454 1031 599 1096 Achilles
620 1052 791 1115 praeverso
814 1031 852 1094 de
875 1053 908 1096 se
930 1033 1057 1116 nuntio,
1081 1035 1141 1098 ubi

131 1133 156 1173 ro
170 1135 281 1179 omnes
302 1116 338 1179 iu
352 1115 449 1180 armis
471 1119 547 1180 sunt
561 1137 666 1199 neque
686 1119 802 1181 conata
816 1117 988 1199 procedere
1004 1123 1140 1202 queunt,

167 1200 361 1283 intemptato
384 1202 516 1286 negotio
539 1200 579 1264 ed
607 1202 748 1265 tentoria
770 1198 958 1284 regreditur.
1003 1223 1039 1266 ac
1061 1223 1143 1267 mox

169 1285 264 1350 duces
285 1285 389 1349 nostri
410 1285 473 1350 rati
500 1285 670 1369 repentino
693 1307 824 1350 suorum
853 1283 992 1350 clamore
1013 1290 1141 1352 moveri

168 1369 301 1434 Ilienses
341 1373 373 1434 et
407 1372 448 1434 ob
487 1370 520 1434 id
552 1370 630 1434 novi
669 1369 747 1454 quid
780 1370 904 1516 negotii
937 1371 1138 1455 incepturos,

169 1453 334 1537 augendae
356 1454 519 1518 custodiae
541 1476 636 1518 causa
657 1455 793 1518 mittunt
840 1475 899 1518 uos
923 1455 1038 1519 Aiaces
1059 1455 1141 1521 Dio-

132 1553 158 1594 rs
170 1537 285 1601 medan
307 1540 403 1620 atque
427 1537 561 1602 Ulixen:
583 1538 681 1621 hique
703 1538 789 1602 inter
811 1559 844 1602 se
866 1539 1049 1624 regionem,
1073 1563 1139 1624 qua

168 1621 273 1685 aditus
284 1621 431 1686 hostibus
447 1626 524 1705 crat,
541 1622 744 1704 dispertiunt.
773 1643 920 1705 quaeres
936 1645 1003 1688 non
1016 1623 1140 1689 frustra

169 1727 223 1769 eos
245 1705 368 1770 habuit.
418 1727 558 1789 namque
587 1706 672 1790 apud
701 1704 831 1771 Troiam
858 1707 980 1772 Hector
1007 1729 1140 1773 causam

168 1789 325 1854 tumultus
347 1811 459 1854 eorum
487 1791 621 1874 cupidus
642 1791 848 1874 permiscere,
874 1791 978 1856 filium
999 1792 1140 1857 Eumedi
1198 1791 1206 1832 ³

167 1872 329 1938 Dolonem
356 1874 466 1939 multis
487 1875 639 1959 praemiis
659 1876 888 1959 promissisque
917 1875 1072 1941 inlectum
1096 1877 1138 1942 ad
1205 1899 1206 1902 ’

129 1975 155 2015 ao
167 1961 365 2041 postremum
386 1960 435 2024 uti
458 1960 660 2043 exploratum
681 1981 731 2024 res
753 1959 949 2024 Graecorum
971 1959 1138 2046 egredere·

167 2047 221 2107 tur
242 2043 357 2109 mittit:
380 2044 470 2128 isque
485 2066 552 2109 non
574 2043 671 2130 longe
693 2044 869 2108 anavibus
890 2045 1002 2109 andus
1023 2047 1140 2131 ignara

168 2129 397 2212 cognoscendi,
420 2128 496 2192 dum
518 2129 608 2211 cupit
629 2129 768 2211 suscepti
784 2129 909 2212 negotii
930 2129 1027 2194 fidem
1049 2151 1138 2195 com-

191 2213 270 2295 lere,
304 2214 339 2276 iu
372 2234 486 2276 manus
513 2211 695 2296 Diomedis,
730 2213 785 2295 qui
823 2234 896 2277 cum
928 2213 1036 2278 locum
1063 2235 1140 2279 cum

200 2295 264 2359 line
286 2295 500 2378 custodiebat,
524 2295 675 2360 devenit2'
695 2315 732 2361 ao
759 2317 835 2361 mox
857 2298 897 2362 ab
920 2298 970 2362 his
993 2320 1138 2383 compre-

130 2394 156 2435 25
169 2379 411 2443 hensus'refert
431 2383 547 2444 cuncta
569 2383 665 2464 atque
676 2381 852 2446 occiditur.
1017 2407 1039 2436 ,-

253 2462 435 2528 XXX-VHI.
480 2463 564 2529 Dein
595 2465 705 2529 diebus
734 2466 858 2548 aliquot
891 2468 927 2532 in
955 2469 1023 2533 otio
1052 2469 1139 2534 tritis

167 2547 335 2631 productio
358 2549 524 2632 utriusque
548 2551 704 2614 exercitus
720 2571 796 2632 prae
820 2555 943 2616 aratur:
967 2551 1137 2638 divisoque

167 2633 253 2695 inter
274 2653 307 2696 se
330 2653 458 2718 campo,
482 2635 538 2717 qui
560 2634 683 2698 medius
705 2634 790 2698 inter
835 2636 937 2700 roiam
959 2640 1057 2722 atque
1079 2661 1136 2703 na·

169 2737 222 2780 ves
244 2717 421 2802 interiacet,
444 2720 500 2782 ubi
521 2723 648 2803 tempus
662 2719 804 2782 bellandi
819 2719 996 2805 videbatur,
1018 2745 1139 2808 magna

129 2815 154 2856 ⁸⁰
167 2823 243 2867 cura
264 2802 433 2867 universus
455 2803 547 2868 miles
569 2803 743 2868 instructus
760 2805 855 2868 armis
877 2805 1040 2888 utrimque
1062 2829 1137 2890 pro·

167 2887 286 2951 cedere.
325 2887 399 2952 dein
421 2888 515 2973 signo
530 2887 605 2952 dato
621 2887 762 2952 densatis
783 2888 945 2955 frontibus
961 2890 1136 2956 conflixere

166 2971 264 3052 acies,
294 2973 470 3056 composite
483 2975 488 2984 ’
501 2971 631 3037 Graecis
664 2993 701 3038 ae
728 2972 864 3058 singulis
897 2995 957 3057 per
986 2973 1138 3041 distribu-

165 3056 289 3118 tionem
316 3055 451 3139 imperia
478 3056 594 3122 ducum
629 3057 889 3142 exsequentibus,
923 3061 1038 3124 contra
1067 3060 1138 3125 sine

153 3139 261 3203 'modo
284 3141 380 3222 atque
403 3139 514 3204 ordine
541 3140 685 3205 barbaris
713 3143 891 3206 ruentibus.
935 3147 1078 3208 'ceterum
1103 3146 1139 3208 in

129 3236 154 3278 ³5
168 3245 205 3288 ea
225 3244 337 3309 pugna
358 3223 520 3290 interfecti
543 3225 708 3309 utriusque
730 3227 831 3309 partis
853 3227 948 3292 multi
969 3226 1136 3313 mortales

166 3329 239 3371 cum
253 3329 358 3392 neque
380 3309 575 3374 instantibus
591 3309 754 3374 cederetur
771 3313 803 3374 et
818 3311 964 3410 exemplo
981 3315 1138 3378 strenuis-

166 3392 239 3455 simi
266 3393 434 3476 cuiusque,
466 3395 522 3476 qui
549 3395 639 3461 iuxta
672 3398 804 3459 steterat
831 3417 1038 3479 aequrperare
1069 3399 1137 3484 glo-

235 3545 267 3594 18
286 3544 387 3596 cameli
408 3546 465 3598 GB.
