<?xml version="1.0" encoding="UTF-8"?>
<!DOCTYPE html PUBLIC "-//W3C//DTD XHTML 1.0 Transitional//EN"
    "http://www.w3.org/TR/xhtml1/DTD/xhtml1-transitional.dtd">
<html xmlns="http://www.w3.org/1999/xhtml" xml:lang="en" lang="en">
 <head>
  <title>
</title>
<meta http-equiv="Content-Type" content="text/html;charset=utf-8" />
  <meta name='ocr-system' content='tesseract 3.04.00' />
  <meta name='ocr-capabilities' content='ocr_page ocr_carea ocr_par ocr_line ocrx_word'/>
</head>
<body>
  <div class='ocr_page' id='page_1' title='image "./ephemeridosbell00meisgoog_0379.png"; bbox 0 0 2424 3938; ppageno 0'>
   <div class='ocr_carea' id='block_1_1' title="bbox 159 215 912 280">
    <p class='ocr_par' dir='ltr' id='par_1_1' title="bbox 159 215 912 280">
     <span class='ocr_line' id='line_1_1' title="bbox 159 215 912 280; baseline -0.017 0"><span class='ocrx_word' id='word_1_1' title='bbox 159 215 200 280; x_wconf 82' lang='lat'><strong>38</strong></span> <span class='ocrx_word' id='word_1_2' title='bbox 486 215 643 270; x_wconf 72' lang='lat' dir='ltr'><strong>Deseris</strong></span> <span class='ocrx_word' id='word_1_3' title='bbox 661 215 814 270; x_wconf 86' lang='lat' dir='ltr'>PHRl&#39;Gll</span> <span class='ocrx_word' id='word_1_4' title='bbox 910 225 912 236; x_wconf 89' lang='lat'>&#39;</span> 
     </span>
    </p>
   </div>
   <div class='ocr_carea' id='block_1_2' title="bbox 115 358 1198 2568">
    <p class='ocr_par' dir='ltr' id='par_1_2' title="bbox 157 358 1143 710">
     <span class='ocr_line' id='line_1_2' title="bbox 159 358 1143 446; baseline -0.001 -22"><span class='ocrx_word' id='word_1_5' title='bbox 159 364 319 444; x_wconf 73' lang='lat' dir='ltr'><strong>oportere,</strong></span> <span class='ocrx_word' id='word_1_6' title='bbox 347 359 501 444; x_wconf 81' lang='lat' dir='ltr'>conqueri</span> <span class='ocrx_word' id='word_1_7' title='bbox 527 359 646 443; x_wconf 83' lang='lat' dir='ltr'><strong>eoepit,</strong></span> <span class='ocrx_word' id='word_1_8' title='bbox 680 359 765 446; x_wconf 91' lang='lat' dir='ltr'><strong>quod</strong></span> <span class='ocrx_word' id='word_1_9' title='bbox 791 358 1033 444; x_wconf 83' lang='lat' dir='ltr'><strong>Agamemnoni</strong></span> <span class='ocrx_word' id='word_1_10' title='bbox 1063 360 1143 423; x_wconf 88' lang='lat' dir='ltr'><strong>nihil</strong></span> 
     </span>
     <span class='ocr_line' id='line_1_3' title="bbox 157 448 1141 535; baseline -0.003 -20"><span class='ocrx_word' id='word_1_11' title='bbox 157 469 275 535; x_wconf 87' lang='lat' dir='ltr'><strong>negare</strong></span> <span class='ocrx_word' id='word_1_12' title='bbox 308 448 424 533; x_wconf 78' lang='lat' dir='ltr'><strong>possit:</strong></span> <span class='ocrx_word' id='word_1_13' title='bbox 461 452 570 512; x_wconf 86' lang='lat' dir='ltr'><strong>temen</strong></span> <span class='ocrx_word' id='word_1_14' title='bbox 602 469 675 512; x_wconf 87' lang='lat' dir='ltr'><strong>oum</strong></span> <span class='ocrx_word' id='word_1_15' title='bbox 712 452 839 532; x_wconf 87' lang='lat' dir='ltr'><strong>tempus</strong></span> <span class='ocrx_word' id='word_1_16' title='bbox 871 468 1001 532; x_wconf 88' lang='lat' dir='ltr'><strong>pugnae</strong></span> <span class='ocrx_word' id='word_1_17' title='bbox 1036 470 1141 532; x_wconf 89' lang='lat' dir='ltr'><strong>super-</strong></span> 
     </span>
     <span class='ocr_line' id='line_1_4' title="bbox 157 536 1140 620; baseline -0.001 -19"><span class='ocrx_word' id='word_1_18' title='bbox 157 538 311 620; x_wconf 79' lang='lat' dir='ltr'><strong>venisset,</strong></span> <span class='ocrx_word' id='word_1_19' title='bbox 335 557 368 602; x_wconf 90' lang='lat' dir='ltr'><strong>se</strong></span> <span class='ocrx_word' id='word_1_20' title='bbox 386 537 505 602; x_wconf 78' lang='lat' dir='ltr'>milites</span> <span class='ocrx_word' id='word_1_21' title='bbox 530 558 605 602; x_wconf 91' lang='lat' dir='ltr'><strong>suos</strong></span> <span class='ocrx_word' id='word_1_22' title='bbox 624 536 810 620; x_wconf 81' lang='lat' dir='ltr'><strong>missurum,</strong></span> <span class='ocrx_word' id='word_1_23' title='bbox 830 537 938 620; x_wconf 90' lang='lat' dir='ltr'><strong>ipsum</strong></span> <span class='ocrx_word' id='word_1_24' title='bbox 957 541 1140 602; x_wconf 82' lang='lat' dir='ltr'><strong>excusatum</strong></span> 
     </span>
     <span class='ocr_line' id='line_1_5' title="bbox 157 625 867 710; baseline -0.003 -20"><span class='ocrx_word' id='word_1_25' title='bbox 157 626 299 692; x_wconf 90' lang='lat' dir='ltr'><strong>heberet.</strong></span> <span class='ocrx_word' id='word_1_26' title='bbox 344 625 572 710; x_wconf 79' lang='lat' dir='ltr'><strong>Agamemnon</strong></span> <span class='ocrx_word' id='word_1_27' title='bbox 594 625 624 689; x_wconf 93' lang='lat' dir='ltr'><strong>ei</strong></span> <span class='ocrx_word' id='word_1_28' title='bbox 647 625 769 709; x_wconf 75' lang='lat' dir='ltr'>gratias</span> <span class='ocrx_word' id='word_1_29' title='bbox 792 625 867 710; x_wconf 86' lang='lat' dir='ltr'><strong>egit.</strong></span> 
     </span>
    </p>

    <p class='ocr_par' dir='ltr' id='par_1_3' title="bbox 131 711 1140 1153">
     <span class='ocr_line' id='line_1_6' title="bbox 131 711 1138 798; baseline -0.001 -19"><span class='ocrx_word' id='word_1_30' title='bbox 131 739 145 779; x_wconf 84' lang='lat' dir='ltr'><strong>e</strong></span> <span class='ocrx_word' id='word_1_31' title='bbox 247 713 382 780; x_wconf 88' lang='lat' dir='ltr'>XXXII.</span> <span class='ocrx_word' id='word_1_32' title='bbox 432 713 574 798; x_wconf 83' lang='lat' dir='ltr'>Tempus</span> <span class='ocrx_word' id='word_1_33' title='bbox 606 734 734 798; x_wconf 88' lang='lat' dir='ltr'><strong>pugnae</strong></span> <span class='ocrx_word' id='word_1_34' title='bbox 767 713 961 796; x_wconf 85' lang='lat' dir='ltr'><strong>supervenit.</strong></span> <span class='ocrx_word' id='word_1_35' title='bbox 1012 711 1138 778; x_wconf 84' lang='lat' dir='ltr'><strong>Troiani</strong></span> 
     </span>
     <span class='ocr_line' id='line_1_7' title="bbox 159 801 1137 886; baseline -0.002 -19"><span class='ocrx_word' id='word_1_36' title='bbox 159 803 333 868; x_wconf 84' lang='lat' dir='ltr'><strong>exereitum</strong></span> <span class='ocrx_word' id='word_1_37' title='bbox 356 803 503 867; x_wconf 88' lang='lat' dir='ltr'><strong>edueunt.</strong></span> <span class='ocrx_word' id='word_1_38' title='bbox 535 806 649 867; x_wconf 86' lang='lat' dir='ltr'><strong>eontra</strong></span> <span class='ocrx_word' id='word_1_39' title='bbox 666 801 781 886; x_wconf 88' lang='lat' dir='ltr'><strong>Argivi</strong></span> <span class='ocrx_word' id='word_1_40' title='bbox 799 801 968 885; x_wconf 87' lang='lat' dir='ltr'><strong>prodeunt</strong></span> <span class='ocrx_word' id='word_1_41' title='bbox 1000 801 1137 867; x_wconf 81' lang='lat' dir='ltr'><strong>Achilles</strong></span> 
     </span>
     <span class='ocr_line' id='line_1_8' title="bbox 157 889 1137 976; baseline -0.002 -20"><span class='ocrx_word' id='word_1_42' title='bbox 157 892 263 974; x_wconf 88' lang='lat' dir='ltr'><strong>primo</strong></span> <span class='ocrx_word' id='word_1_43' title='bbox 285 890 503 976; x_wconf 82' lang='lat' dir='ltr'>Myrmidones</span> <span class='ocrx_word' id='word_1_44' title='bbox 526 891 671 973; x_wconf 83' lang='lat' dir='ltr'><strong>instruit,</strong></span> <span class='ocrx_word' id='word_1_45' title='bbox 693 890 734 954; x_wconf 85' lang='lat' dir='ltr'><strong>ad</strong></span> <span class='ocrx_word' id='word_1_46' title='bbox 748 889 1031 975; x_wconf 78' lang='lat' dir='ltr'><strong>Agamemnonem</strong></span> <span class='ocrx_word' id='word_1_47' title='bbox 1053 913 1137 974; x_wconf 91' lang='lat' dir='ltr'><strong>para-</strong></span> 
     </span>
     <span class='ocr_line' id='line_1_9' title="bbox 157 977 1139 1064; baseline -0.002 -20"><span class='ocrx_word' id='word_1_48' title='bbox 157 984 208 1044; x_wconf 89' lang='lat' dir='ltr'><strong>tos</strong></span> <span class='ocrx_word' id='word_1_49' title='bbox 224 981 333 1046; x_wconf 89' lang='lat' dir='ltr'><strong>mittit.</strong></span> <span class='ocrx_word' id='word_1_50' title='bbox 368 981 405 1044; x_wconf 88' lang='lat' dir='ltr'><strong>fit</strong></span> <span class='ocrx_word' id='word_1_51' title='bbox 427 1000 537 1064; x_wconf 90' lang='lat' dir='ltr'><strong>pugna</strong></span> <span class='ocrx_word' id='word_1_52' title='bbox 555 978 671 1062; x_wconf 87' lang='lat' dir='ltr'><strong>maior,</strong></span> <span class='ocrx_word' id='word_1_53' title='bbox 694 978 810 1044; x_wconf 87' lang='lat' dir='ltr'><strong>aeriter</strong></span> <span class='ocrx_word' id='word_1_54' title='bbox 829 979 978 1043; x_wconf 88' lang='lat' dir='ltr'><strong>saevitur.</strong></span> <span class='ocrx_word' id='word_1_55' title='bbox 1016 977 1139 1044; x_wconf 84' lang='lat' dir='ltr'>Troilus</span> 
     </span>
     <span class='ocr_line' id='line_1_10' title="bbox 156 1064 1140 1153; baseline 0 -21"><span class='ocrx_word' id='word_1_56' title='bbox 156 1068 192 1132; x_wconf 93' lang='lat' dir='ltr'><strong>in</strong></span> <span class='ocrx_word' id='word_1_57' title='bbox 223 1069 328 1152; x_wconf 87' lang='lat' dir='ltr'><strong>prima</strong></span> <span class='ocrx_word' id='word_1_58' title='bbox 360 1069 427 1134; x_wconf 90' lang='lat' dir='ltr'><strong>aeie</strong></span> <span class='ocrx_word' id='word_1_59' title='bbox 459 1068 598 1153; x_wconf 87' lang='lat' dir='ltr'><strong>Argivos</strong></span> <span class='ocrx_word' id='word_1_60' title='bbox 632 1067 750 1150; x_wconf 84' lang='lat' dir='ltr'><strong>eaedit,</strong></span> <span class='ocrx_word' id='word_1_61' title='bbox 786 1064 1007 1150; x_wconf 87' lang='lat' dir='ltr'><strong>Myrmidones</strong></span> <span class='ocrx_word' id='word_1_62' title='bbox 1044 1068 1140 1153; x_wconf 83' lang='lat' dir='ltr'><strong>fugat,</strong></span> 
     </span>
    </p>

    <p class='ocr_par' dir='ltr' id='par_1_4' title="bbox 119 1155 1198 1594">
     <span class='ocr_line' id='line_1_11' title="bbox 119 1155 1140 1241; baseline -0.001 -20"><span class='ocrx_word' id='word_1_63' title='bbox 119 1181 144 1221; x_wconf 87' lang='lat'><strong>10</strong></span> <span class='ocrx_word' id='word_1_64' title='bbox 157 1155 392 1240; x_wconf 84' lang='lat' dir='ltr'><strong>inpressionem</strong></span> <span class='ocrx_word' id='word_1_65' title='bbox 421 1178 522 1241; x_wconf 89' lang='lat' dir='ltr'><strong>usque</strong></span> <span class='ocrx_word' id='word_1_66' title='bbox 551 1157 587 1220; x_wconf 92' lang='lat' dir='ltr'><strong>in</strong></span> <span class='ocrx_word' id='word_1_67' title='bbox 615 1160 722 1220; x_wconf 82' lang='lat' dir='ltr'><strong>eastra</strong></span> <span class='ocrx_word' id='word_1_68' title='bbox 753 1155 844 1238; x_wconf 86' lang='lat' dir='ltr'><strong>feeit,</strong></span> <span class='ocrx_word' id='word_1_69' title='bbox 872 1156 994 1220; x_wconf 88' lang='lat' dir='ltr'><strong>multos</strong></span> <span class='ocrx_word' id='word_1_70' title='bbox 1020 1157 1140 1238; x_wconf 89' lang='lat' dir='ltr'><strong>oeeidit‚</strong></span> 
     </span>
     <span class='ocr_line' id='line_1_12' title="bbox 156 1243 1140 1328; baseline 0 -20"><span class='ocrx_word' id='word_1_71' title='bbox 156 1245 312 1328; x_wconf 88' lang='lat' dir='ltr'><strong>plurimos</strong></span> <span class='ocrx_word' id='word_1_72' title='bbox 336 1245 466 1310; x_wconf 88' lang='lat' dir='ltr'><strong>saueiat.</strong></span> <span class='ocrx_word' id='word_1_73' title='bbox 504 1245 589 1309; x_wconf 85' lang='lat' dir='ltr'><strong>Aiax</strong></span> <span class='ocrx_word' id='word_1_74' title='bbox 611 1243 818 1310; x_wconf 78' lang='lat' dir='ltr'><strong>Telamonius</strong></span> <span class='ocrx_word' id='word_1_75' title='bbox 841 1244 980 1309; x_wconf 87' lang='lat' dir='ltr'><strong>obstitit</strong></span> <span class='ocrx_word' id='word_1_76' title='bbox 1013 1245 1140 1310; x_wconf 84' lang='lat' dir='ltr'><strong>Troiani</strong></span> 
     </span>
     <span class='ocr_line' id='line_1_13' title="bbox 156 1333 1139 1419; baseline -0.002 -21"><span class='ocrx_word' id='word_1_77' title='bbox 156 1333 292 1400; x_wconf 88' lang='lat' dir='ltr'><strong>victores</strong></span> <span class='ocrx_word' id='word_1_78' title='bbox 321 1334 357 1398; x_wconf 91' lang='lat' dir='ltr'><strong>in</strong></span> <span class='ocrx_word' id='word_1_79' title='bbox 386 1333 540 1417; x_wconf 89' lang='lat' dir='ltr'><strong>oppidum</strong></span> <span class='ocrx_word' id='word_1_80' title='bbox 567 1337 778 1398; x_wconf 84' lang='lat' dir='ltr'><strong>revertuntur.</strong></span> <span class='ocrx_word' id='word_1_81' title='bbox 822 1336 954 1416; x_wconf 87' lang='lat' dir='ltr'><strong>postera</strong></span> <span class='ocrx_word' id='word_1_82' title='bbox 982 1333 1035 1398; x_wconf 89' lang='lat' dir='ltr'><strong>die</strong></span> <span class='ocrx_word' id='word_1_83' title='bbox 1060 1335 1139 1419; x_wconf 85' lang='lat' dir='ltr'><strong>Age-</strong></span> 
     </span>
     <span class='ocr_line' id='line_1_14' title="bbox 155 1420 1140 1506; baseline 0 -20"><span class='ocrx_word' id='word_1_84' title='bbox 155 1443 308 1488; x_wconf 89' lang='lat' dir='ltr'><strong>memnon</strong></span> <span class='ocrx_word' id='word_1_85' title='bbox 335 1421 509 1488; x_wconf 84' lang='lat' dir='ltr'><strong>exereitum</strong></span> <span class='ocrx_word' id='word_1_86' title='bbox 537 1420 656 1503; x_wconf 79' lang='lat' dir='ltr'><strong>educit,</strong></span> <span class='ocrx_word' id='word_1_87' title='bbox 688 1442 799 1486; x_wconf 88' lang='lat' dir='ltr'><strong>omnes</strong></span> <span class='ocrx_word' id='word_1_88' title='bbox 827 1421 923 1486; x_wconf 88' lang='lat' dir='ltr'><strong>duees</strong></span> <span class='ocrx_word' id='word_1_89' title='bbox 951 1426 986 1486; x_wconf 91' lang='lat' dir='ltr'><strong>et</strong></span> <span class='ocrx_word' id='word_1_90' title='bbox 1013 1421 1140 1506; x_wconf 88' lang='lat' dir='ltr'><strong>Myrmi-</strong></span> 
     </span>
     <span class='ocr_line' id='line_1_15' title="bbox 155 1509 1198 1594; baseline 0 -20"><span class='ocrx_word' id='word_1_91' title='bbox 155 1509 255 1576; x_wconf 87' lang='lat' dir='ltr'><strong>dones</strong></span> <span class='ocrx_word' id='word_1_92' title='bbox 273 1511 447 1594; x_wconf 90' lang='lat' dir='ltr'><strong>prodeunt:</strong></span> <span class='ocrx_word' id='word_1_93' title='bbox 466 1514 579 1574; x_wconf 87' lang='lat' dir='ltr'><strong>eontra</strong></span> <span class='ocrx_word' id='word_1_94' title='bbox 597 1509 732 1573; x_wconf 83' lang='lat' dir='ltr'><strong>&#39;Itoiani</strong></span> <span class='ocrx_word' id='word_1_95' title='bbox 749 1510 784 1574; x_wconf 90' lang='lat' dir='ltr'><strong>in</strong></span> <span class='ocrx_word' id='word_1_96' title='bbox 803 1510 905 1574; x_wconf 90' lang='lat' dir='ltr'><strong>aeiem</strong></span> <span class='ocrx_word' id='word_1_97' title='bbox 924 1510 1004 1574; x_wconf 87' lang='lat' dir='ltr'><strong>laeti</strong></span> <span class='ocrx_word' id='word_1_98' title='bbox 1018 1517 1140 1575; x_wconf 85' lang='lat' dir='ltr'><strong>exeunt.</strong></span> <span class='ocrx_word' id='word_1_99' title='bbox 1197 1511 1198 1514; x_wconf 70' lang='grc'>’</span> 
     </span>
    </p>

    <p class='ocr_par' dir='ltr' id='par_1_5' title="bbox 116 1597 1198 2038">
     <span class='ocr_line' id='line_1_16' title="bbox 116 1597 1198 1682; baseline -0.002 -20"><span class='ocrx_word' id='word_1_100' title='bbox 116 1621 141 1664; x_wconf 87' lang='lat'><strong>15</strong></span> <span class='ocrx_word' id='word_1_101' title='bbox 155 1599 277 1682; x_wconf 91' lang='lat' dir='ltr'><strong>proelio</strong></span> <span class='ocrx_word' id='word_1_102' title='bbox 301 1598 472 1664; x_wconf 82' lang='lat' dir='ltr'><strong>commisso</strong></span> <span class='ocrx_word' id='word_1_103' title='bbox 496 1601 629 1682; x_wconf 89' lang='lat' dir='ltr'><strong>uterque</strong></span> <span class='ocrx_word' id='word_1_104' title='bbox 653 1598 810 1663; x_wconf 85' lang='lat' dir='ltr'><strong>exereitus</strong></span> <span class='ocrx_word' id='word_1_105' title='bbox 835 1597 925 1662; x_wconf 88' lang='lat' dir='ltr'><strong>inter</strong></span> <span class='ocrx_word' id='word_1_106' title='bbox 943 1620 977 1662; x_wconf 89' lang='lat' dir='ltr'><strong>se</strong></span> <span class='ocrx_word' id='word_1_107' title='bbox 1003 1599 1140 1678; x_wconf 72' lang='lat' dir='ltr'><strong>dimicat</strong></span> <span class='ocrx_word' id='word_1_108' title='bbox 1197 1643 1198 1660; x_wconf 20' lang='grc' dir='ltr'>ἢ</span> 
     </span>
     <span class='ocr_line' id='line_1_17' title="bbox 155 1686 1139 1771; baseline 0.002 -21"><span class='ocrx_word' id='word_1_109' title='bbox 155 1688 271 1752; x_wconf 89' lang='lat' dir='ltr'><strong>aeriter</strong></span> <span class='ocrx_word' id='word_1_110' title='bbox 303 1709 360 1770; x_wconf 90' lang='lat' dir='ltr'><strong>per</strong></span> <span class='ocrx_word' id='word_1_111' title='bbox 387 1687 513 1771; x_wconf 90' lang='lat' dir='ltr'><strong>aliquot</strong></span> <span class='ocrx_word' id='word_1_112' title='bbox 539 1686 606 1752; x_wconf 91' lang='lat' dir='ltr'><strong>dies</strong></span> <span class='ocrx_word' id='word_1_113' title='bbox 633 1690 810 1770; x_wconf 88' lang='lat' dir='ltr'><strong>pugnatur,</strong></span> <span class='ocrx_word' id='word_1_114' title='bbox 836 1687 940 1750; x_wconf 88' lang='lat' dir='ltr'><strong>multe</strong></span> <span class='ocrx_word' id='word_1_115' title='bbox 967 1688 1062 1752; x_wconf 88' lang='lat' dir='ltr'><strong>milia</strong></span> <span class='ocrx_word' id='word_1_116' title='bbox 1089 1689 1139 1752; x_wconf 94' lang='lat' dir='ltr'><strong>ho-</strong></span> 
     </span>
     <span class='ocr_line' id='line_1_18' title="bbox 154 1773 1138 1860; baseline 0.001 -21"><span class='ocrx_word' id='word_1_117' title='bbox 154 1775 278 1840; x_wconf 90' lang='lat' dir='ltr'><strong>minum</strong></span> <span class='ocrx_word' id='word_1_118' title='bbox 298 1796 336 1840; x_wconf 84' lang='lat' dir='ltr'><strong>ex</strong></span> <span class='ocrx_word' id='word_1_119' title='bbox 354 1779 489 1860; x_wconf 88' lang='lat' dir='ltr'><strong>utraque</strong></span> <span class='ocrx_word' id='word_1_120' title='bbox 509 1778 600 1858; x_wconf 90' lang='lat' dir='ltr'><strong>parte</strong></span> <span class='ocrx_word' id='word_1_121' title='bbox 615 1774 741 1840; x_wconf 87' lang='lat' dir='ltr'><strong>eadunt.</strong></span> <span class='ocrx_word' id='word_1_122' title='bbox 779 1774 907 1838; x_wconf 85' lang='lat' dir='ltr'>Troilus</span> <span class='ocrx_word' id='word_1_123' title='bbox 921 1773 1138 1858; x_wconf 83' lang='lat' dir='ltr'><strong>Myrmidones</strong></span> 
     </span>
     <span class='ocr_line' id='line_1_19' title="bbox 153 1863 1141 1950; baseline 0 -22"><span class='ocrx_word' id='word_1_124' title='bbox 153 1864 357 1950; x_wconf 82' lang='lat' dir='ltr'><strong>persequitur</strong></span> <span class='ocrx_word' id='word_1_125' title='bbox 385 1863 500 1929; x_wconf 78' lang='lat' dir='ltr'><strong>sternit</strong></span> <span class='ocrx_word' id='word_1_126' title='bbox 527 1863 628 1948; x_wconf 83' lang='lat' dir='ltr'><strong>fugat.</strong></span> <span class='ocrx_word' id='word_1_127' title='bbox 678 1863 906 1948; x_wconf 83' lang='lat' dir='ltr'><strong>Agamemnon</strong></span> <span class='ocrx_word' id='word_1_128' title='bbox 933 1866 969 1926; x_wconf 85' lang='lat' dir='ltr'><strong>ut</strong></span> <span class='ocrx_word' id='word_1_129' title='bbox 999 1865 1083 1928; x_wconf 75' lang='lat' dir='ltr'><strong>vidIt</strong></span> <span class='ocrx_word' id='word_1_130' title='bbox 1106 1886 1141 1928; x_wconf 85' lang='lat' dir='ltr'><strong>ex</strong></span> 
     </span>
     <span class='ocr_line' id='line_1_20' title="bbox 155 1950 1142 2038; baseline 0.002 -22"><span class='ocrx_word' id='word_1_131' title='bbox 155 1975 214 2018; x_wconf 90' lang='lat' dir='ltr'><strong>sua</strong></span> <span class='ocrx_word' id='word_1_132' title='bbox 240 1957 331 2037; x_wconf 88' lang='lat' dir='ltr'><strong>parte</strong></span> <span class='ocrx_word' id='word_1_133' title='bbox 359 1954 478 2018; x_wconf 88' lang='lat' dir='ltr'><strong>multos</strong></span> <span class='ocrx_word' id='word_1_134' title='bbox 507 1953 644 2035; x_wconf 84' lang='lat' dir='ltr'><strong>oeeisos,</strong></span> <span class='ocrx_word' id='word_1_135' title='bbox 673 1951 815 2016; x_wconf 83' lang='lat' dir='ltr'><strong>indutias</strong></span> <span class='ocrx_word' id='word_1_136' title='bbox 847 1951 881 2014; x_wconf 92' lang='lat' dir='ltr'><strong>in</strong></span> <span class='ocrx_word' id='word_1_137' title='bbox 912 1950 980 2015; x_wconf 91' lang='lat' dir='ltr'><strong>dies</strong></span> <span class='ocrx_word' id='word_1_138' title='bbox 1009 1953 1142 2038; x_wconf 84' lang='lat' dir='ltr'><strong>triginta</strong></span> 
     </span>
    </p>

    <p class='ocr_par' dir='ltr' id='par_1_6' title="bbox 116 2038 1197 2215">
     <span class='ocr_line' id='line_1_21' title="bbox 116 2038 1197 2125; baseline -0.002 -19"><span class='ocrx_word' id='word_1_139' title='bbox 116 2066 143 2106; x_wconf 82' lang='lat' dir='ltr'><strong>eo</strong></span> <span class='ocrx_word' id='word_1_140' title='bbox 156 2042 250 2125; x_wconf 90' lang='lat' dir='ltr'><strong>petit,</strong></span> <span class='ocrx_word' id='word_1_141' title='bbox 287 2045 324 2106; x_wconf 91' lang='lat' dir='ltr'><strong>ut</strong></span> <span class='ocrx_word' id='word_1_142' title='bbox 360 2063 436 2107; x_wconf 91' lang='lat' dir='ltr'><strong>suos</strong></span> <span class='ocrx_word' id='word_1_143' title='bbox 472 2041 621 2106; x_wconf 82' lang='lat' dir='ltr'><strong>funerare</strong></span> <span class='ocrx_word' id='word_1_144' title='bbox 653 2039 764 2124; x_wconf 90' lang='lat' dir='ltr'><strong>possit.</strong></span> <span class='ocrx_word' id='word_1_145' title='bbox 818 2038 967 2104; x_wconf 85' lang='lat' dir='ltr'><strong>Priamus</strong></span> <span class='ocrx_word' id='word_1_146' title='bbox 1001 2041 1141 2106; x_wconf 85' lang='lat' dir='ltr'><strong>indutias</strong></span> <span class='ocrx_word' id='word_1_147' title='bbox 1196 2061 1197 2082; x_wconf 63' lang='lat'>¹</span> 
     </span>
     <span class='ocr_line' id='line_1_22' title="bbox 155 2128 877 2215; baseline -0.001 -22"><span class='ocrx_word' id='word_1_148' title='bbox 155 2130 250 2196; x_wconf 90' lang='lat' dir='ltr'><strong>dedit.</strong></span> <span class='ocrx_word' id='word_1_149' title='bbox 296 2153 372 2194; x_wconf 93' lang='lat' dir='ltr'><strong>suos</strong></span> <span class='ocrx_word' id='word_1_150' title='bbox 396 2130 531 2215; x_wconf 89' lang='lat' dir='ltr'><strong>quisque</strong></span> <span class='ocrx_word' id='word_1_151' title='bbox 555 2128 754 2212; x_wconf 90' lang='lat' dir='ltr'><strong>sepeliendos</strong></span> <span class='ocrx_word' id='word_1_152' title='bbox 778 2132 877 2192; x_wconf 80' lang='lat' dir='ltr'><strong>curet</strong></span> 
     </span>
    </p>

    <p class='ocr_par' dir='ltr' id='par_1_7' title="bbox 155 2216 1145 2479">
     <span class='ocr_line' id='line_1_23' title="bbox 244 2216 1143 2302; baseline 0 -20"><span class='ocrx_word' id='word_1_153' title='bbox 244 2217 397 2284; x_wconf 87' lang='lat' dir='ltr'>XXXIII.</span> <span class='ocrx_word' id='word_1_154' title='bbox 446 2217 586 2302; x_wconf 80' lang='lat' dir='ltr'><strong>Tempus</strong></span> <span class='ocrx_word' id='word_1_155' title='bbox 614 2237 742 2302; x_wconf 88' lang='lat' dir='ltr'><strong>pugnae</strong></span> <span class='ocrx_word' id='word_1_156' title='bbox 771 2216 963 2300; x_wconf 81' lang='lat' dir='ltr'><strong>supervenit.</strong></span> <span class='ocrx_word' id='word_1_157' title='bbox 1011 2216 1143 2282; x_wconf 83' lang='lat' dir='ltr'><strong>Troiani</strong></span> 
     </span>
     <span class='ocr_line' id='line_1_24' title="bbox 155 2304 1143 2390; baseline 0 -20"><span class='ocrx_word' id='word_1_158' title='bbox 155 2307 328 2371; x_wconf 88' lang='lat' dir='ltr'><strong>exereitum</strong></span> <span class='ocrx_word' id='word_1_159' title='bbox 347 2307 495 2371; x_wconf 86' lang='lat' dir='ltr'><strong>educunt.</strong></span> <span class='ocrx_word' id='word_1_160' title='bbox 532 2309 645 2370; x_wconf 85' lang='lat' dir='ltr'><strong>contra</strong></span> <span class='ocrx_word' id='word_1_161' title='bbox 663 2304 890 2390; x_wconf 87' lang='lat' dir='ltr'><strong>Agamemnon</strong></span> <span class='ocrx_word' id='word_1_162' title='bbox 909 2325 1023 2370; x_wconf 89' lang='lat' dir='ltr'><strong>omnes</strong></span> <span class='ocrx_word' id='word_1_163' title='bbox 1049 2306 1143 2371; x_wconf 84' lang='lat' dir='ltr'><strong>duces</strong></span> 
     </span>
     <span class='ocr_line' id='line_1_25' title="bbox 155 2385 1145 2479; baseline 0 -20"><span class='ocrx_word' id='word_1_164' title='bbox 155 2394 188 2459; x_wconf 90' lang='lat' dir='ltr'><strong>in</strong></span> <span class='ocrx_word' id='word_1_165' title='bbox 207 2416 351 2479; x_wconf 89' lang='lat' dir='ltr'><strong>pugnam</strong></span> <span class='ocrx_word' id='word_1_166' title='bbox 370 2395 465 2479; x_wconf 80' lang='lat' dir='ltr'><strong>cogit.</strong></span> <span class='ocrx_word' id='word_1_167' title='bbox 506 2392 628 2477; x_wconf 88' lang='lat' dir='ltr'><strong>proelio</strong></span> <span class='ocrx_word' id='word_1_168' title='bbox 643 2393 814 2458; x_wconf 80' lang='lat' dir='ltr'><strong>commisso</strong></span> <span class='ocrx_word' id='word_1_169' title='bbox 832 2392 870 2456; x_wconf 91' lang='lat' dir='ltr'><strong>fit</strong></span> <span class='ocrx_word' id='word_1_170' title='bbox 885 2385 1013 2477; x_wconf 79' lang='lat' dir='ltr'><strong>magua</strong></span> <span class='ocrx_word' id='word_1_171' title='bbox 1020 2396 1145 2476; x_wconf 80' lang='lat' dir='ltr'><strong>caedes,</strong></span> 
     </span>
    </p>

    <p class='ocr_par' dir='ltr' id='par_1_8' title="bbox 115 2480 1196 2568">
     <span class='ocr_line' id='line_1_26' title="bbox 115 2480 1196 2568; baseline 0.002 -22"><span class='ocrx_word' id='word_1_172' title='bbox 115 2506 142 2548; x_wconf 80' lang='lat' dir='ltr'><strong>es</strong></span> <span class='ocrx_word' id='word_1_173' title='bbox 155 2484 271 2547; x_wconf 87' lang='lat' dir='ltr'><strong>aeriter</strong></span> <span class='ocrx_word' id='word_1_174' title='bbox 303 2484 450 2548; x_wconf 84' lang='lat' dir='ltr'><strong>saevitur.</strong></span> <span class='ocrx_word' id='word_1_175' title='bbox 515 2485 688 2566; x_wconf 90' lang='lat' dir='ltr'><strong>postquam</strong></span> <span class='ocrx_word' id='word_1_176' title='bbox 730 2481 871 2564; x_wconf 89' lang='lat' dir='ltr'><strong>primum</strong></span> <span class='ocrx_word' id='word_1_177' title='bbox 912 2480 975 2544; x_wconf 92' lang='lat' dir='ltr'><strong>diei</strong></span> <span class='ocrx_word' id='word_1_178' title='bbox 1014 2486 1145 2568; x_wconf 88' lang='lat' dir='ltr'><strong>tempus</strong></span> <span class='ocrx_word' id='word_1_179' title='bbox 1195 2537 1196 2564; x_wconf 24' lang='lat' dir='ltr'><strong>p</strong></span> 
     </span>
    </p>
   </div>
   <div class='ocr_carea' id='block_1_3' title="bbox 155 2669 369 2678">
    <p class='ocr_par' dir='ltr' id='par_1_9' title="bbox 155 2669 369 2678">
     <span class='ocr_line' id='line_1_27' title="bbox 155 2669 369 2678; baseline 0 0"><span class='ocrx_word' id='word_1_180' title='bbox 155 2669 369 2678; x_wconf 71' lang='lat'>——---</span> 
     </span>
    </p>
   </div>
   <div class='ocr_carea' id='block_1_4' title="bbox 155 2729 1149 3066">
    <p class='ocr_par' dir='ltr' id='par_1_10' title="bbox 155 2729 1149 3066">
     <span class='ocr_line' id='line_1_28' title="bbox 228 2729 1148 2860; baseline -0.008 -21"><span class='ocrx_word' id='word_1_181' title='bbox 228 2782 367 2853; x_wconf 81' lang='lat' dir='ltr'><strong>looepit]</strong></span> <span class='ocrx_word' id='word_1_182' title='bbox 383 2797 411 2835; x_wconf 89' lang='lat' dir='ltr'><strong>se</strong></span> <span class='ocrx_word' id='word_1_183' title='bbox 430 2778 589 2849; x_wconf 81' lang='lat' dir='ltr'><strong>quidemG</strong></span> <span class='ocrx_word' id='word_1_184' title='bbox 661 2777 785 2860; x_wconf 67' lang='lat' dir='ltr'><strong>apersit</strong></span> <span class='ocrx_word' id='word_1_185' title='bbox 806 2779 835 2832; x_wconf 90' lang='lat' dir='ltr'><strong>et</strong></span> <span class='ocrx_word' id='word_1_186' title='bbox 852 2778 880 2832; x_wconf 87' lang='lat' dir='ltr'><em>G</em></span> <span class='ocrx_word' id='word_1_187' title='bbox 915 2729 1010 2847; x_wconf 48' lang='lat' dir='ltr'><strong>mit</strong></span> <span class='ocrx_word' id='word_1_188' title='bbox 1028 2777 1057 2830; x_wconf 88' lang='lat' dir='ltr'><strong><em>L</em></strong></span> <span class='ocrx_word' id='word_1_189' title='bbox 1114 2786 1148 2840; x_wconf 59' lang='lat'><strong>,4</strong></span> 
     </span>
     <span class='ocr_line' id='line_1_29' title="bbox 156 2848 1148 2924; baseline -0.008 -14"><span class='ocrx_word' id='word_1_190' title='bbox 156 2873 188 2910; x_wconf 94' lang='lat' dir='ltr'><strong>eo</strong></span> <span class='ocrx_word' id='word_1_191' title='bbox 208 2855 283 2924; x_wconf 90' lang='lat' dir='ltr'><strong>quod</strong></span> <span class='ocrx_word' id='word_1_192' title='bbox 302 2851 494 2924; x_wconf 87' lang='lat' dir='ltr'><strong>proposuisset</strong></span> <span class='ocrx_word' id='word_1_193' title='bbox 513 2866 530 2904; x_wconf 90' lang='lat' dir='ltr'><strong>a</strong></span> <span class='ocrx_word' id='word_1_194' title='bbox 547 2865 644 2919; x_wconf 82' lang='lat' dir='ltr'><strong>pugna</strong></span> <span class='ocrx_word' id='word_1_195' title='bbox 663 2849 803 2903; x_wconf 80' lang='lat' dir='ltr'><strong>abstinere</strong></span> <span class='ocrx_word' id='word_1_196' title='bbox 822 2849 886 2903; x_wconf 77' lang='lat' dir='ltr'><strong>add.</strong></span> <span class='ocrx_word' id='word_1_197' title='bbox 901 2848 928 2903; x_wconf 85' lang='lat' dir='ltr'><em>G</em></span> <span class='ocrx_word' id='word_1_198' title='bbox 941 2853 1007 2916; x_wconf 79' lang='lat' dir='ltr'><strong>poet</strong></span> <span class='ocrx_word' id='word_1_199' title='bbox 1025 2850 1148 2907; x_wconf 78' lang='lat' dir='ltr'><strong>haberet</strong></span> 
     </span>
     <span class='ocr_line' id='line_1_30' title="bbox 156 2917 1148 3004; baseline -0.008 -22"><span class='ocrx_word' id='word_1_200' title='bbox 156 2933 172 2982; x_wconf 82' lang='lat'>6</span> <span class='ocrx_word' id='word_1_201' title='bbox 186 2926 344 2996; x_wconf 79' lang='lat' dir='ltr'><strong>producunt</strong></span> <span class='ocrx_word' id='word_1_202' title='bbox 358 2921 384 2976; x_wconf 92' lang='lat' dir='ltr'><em>G</em></span> <span class='ocrx_word' id='word_1_203' title='bbox 447 2928 462 2976; x_wconf 81' lang='lat'><strong>&#39;1</strong></span> <span class='ocrx_word' id='word_1_204' title='bbox 477 2919 568 3004; x_wconf 88' lang='lat' dir='ltr'><strong>primo</strong></span> <span class='ocrx_word' id='word_1_205' title='bbox 583 2919 670 2974; x_wconf 87' lang='lat' dir='ltr'><strong>om.G</strong></span> <span class='ocrx_word' id='word_1_206' title='bbox 686 2920 690 2990; x_wconf 74' lang='lat' dir='ltr'>l</span> <span class='ocrx_word' id='word_1_207' title='bbox 706 2917 887 2974; x_wconf 86' lang='lat' dir='ltr'><strong>mirmidonas</strong></span> <span class='ocrx_word' id='word_1_208' title='bbox 897 2918 924 2974; x_wconf 98' lang='lat' dir='ltr'><em>G</em></span> <span class='ocrx_word' id='word_1_209' title='bbox 937 2921 982 2974; x_wconf 78' lang='lat' dir='ltr'><strong>ue</strong></span> <span class='ocrx_word' id='word_1_210' title='bbox 995 2925 1021 2973; x_wconf 78' lang='lat' dir='ltr'><strong>et</strong></span> <span class='ocrx_word' id='word_1_211' title='bbox 1033 2923 1148 2991; x_wconf 76' lang='lat' dir='ltr'><strong>saepius</strong></span> 
     </span>
     <span class='ocr_line' id='line_1_31' title="bbox 155 2989 1149 3066; baseline -0.006 -15"><span class='ocrx_word' id='word_1_212' title='bbox 155 2996 349 3066; x_wconf 80' lang='lat' dir='ltr'><strong>eineequitur</strong></span> <span class='ocrx_word' id='word_1_213' title='bbox 370 2993 396 3046; x_wconf 87' lang='lat' dir='ltr'><strong><em>L</em></strong></span> <span class='ocrx_word' id='word_1_214' title='bbox 433 2990 588 3048; x_wconf 77' lang='lat' dir='ltr'><strong>seruturG</strong></span> <span class='ocrx_word' id='word_1_215' title='bbox 664 2990 780 3046; x_wconf 80' lang='lat' dir='ltr'><strong>eoedit</strong></span> <span class='ocrx_word' id='word_1_216' title='bbox 802 2989 829 3044; x_wconf 90' lang='lat' dir='ltr'><em>G</em></span> <span class='ocrx_word' id='word_1_217' title='bbox 901 2997 934 3045; x_wconf 90' lang='lat'><strong>10</strong></span> <span class='ocrx_word' id='word_1_218' title='bbox 952 3007 1041 3059; x_wconf 86' lang='lat' dir='ltr'><strong>usque</strong></span> <span class='ocrx_word' id='word_1_219' title='bbox 1066 2991 1149 3047; x_wconf 86' lang='lat' dir='ltr'><strong>adG</strong></span> 
     </span>
    </p>
   </div>
   <div class='ocr_carea' id='block_1_5' title="bbox 155 3071 1147 3609">
    <p class='ocr_par' dir='ltr' id='par_1_11' title="bbox 155 3071 1147 3609">
     <span class='ocr_line' id='line_1_32' title="bbox 157 3071 1147 3198; baseline -0.008 -22"><span class='ocrx_word' id='word_1_220' title='bbox 157 3127 189 3176; x_wconf 80' lang='lat' dir='ltr'><strong>la</strong></span> <span class='ocrx_word' id='word_1_221' title='bbox 210 3138 246 3191; x_wconf 78' lang='lat' dir='ltr'><strong>op</strong></span> <span class='ocrx_word' id='word_1_222' title='bbox 266 3118 356 3190; x_wconf 75' lang='lat' dir='ltr'><strong>reum]</strong></span> <span class='ocrx_word' id='word_1_223' title='bbox 372 3115 510 3173; x_wconf 70' lang='lat' dir='ltr'><strong>esseae</strong></span> <span class='ocrx_word' id='word_1_224' title='bbox 536 3186 541 3198; x_wconf 93' lang='lat'>.</span> <span class='ocrx_word' id='word_1_225' title='bbox 587 3121 621 3168; x_wconf 88' lang='lat'><strong>14</strong></span> <span class='ocrx_word' id='word_1_226' title='bbox 641 3071 780 3184; x_wconf 67' lang='lat' dir='ltr'><strong>proesius</strong></span> <span class='ocrx_word' id='word_1_227' title='bbox 799 3131 817 3197; x_wconf 23' lang='lat' dir='ltr'><strong>‘e</strong></span> <span class='ocrx_word' id='word_1_228' title='bbox 839 3115 939 3196; x_wconf 67' lang='lat' dir='ltr'><strong>eones</strong></span> <span class='ocrx_word' id='word_1_229' title='bbox 957 3113 983 3168; x_wconf 84' lang='lat' dir='ltr'><strong>e</strong></span> <span class='ocrx_word' id='word_1_230' title='bbox 1003 3117 1008 3180; x_wconf 87' lang='grc' dir='ltr'>ι</span> <span class='ocrx_word' id='word_1_231' title='bbox 1028 3117 1147 3198; x_wconf 71' lang='lat' dir='ltr'><strong>eornm</strong></span> 
     </span>
     <span class='ocr_line' id='line_1_33' title="bbox 155 3183 1146 3259; baseline -0.009 -12"><span class='ocrx_word' id='word_1_232' title='bbox 155 3192 220 3247; x_wconf 81' lang='lat' dir='ltr'><strong>odd.</strong></span> <span class='ocrx_word' id='word_1_233' title='bbox 279 3190 460 3259; x_wconf 82' lang='lat' dir='ltr'><strong>poeteontra</strong></span> <span class='ocrx_word' id='word_1_234' title='bbox 495 3184 653 3242; x_wconf 89' lang='lat' dir='ltr'><strong>l.1na.G</strong></span> <span class='ocrx_word' id='word_1_235' title='bbox 726 3190 758 3239; x_wconf 79' lang='lat'><strong>15</strong></span> <span class='ocrx_word' id='word_1_236' title='bbox 777 3183 958 3240; x_wconf 83' lang='lat' dir='ltr'><strong>drmreantG</strong></span> <span class='ocrx_word' id='word_1_237' title='bbox 1033 3193 1070 3241; x_wconf 85' lang='lat'><strong>16</strong></span> <span class='ocrx_word' id='word_1_238' title='bbox 1090 3187 1146 3240; x_wconf 81' lang='lat' dir='ltr'><strong>drea</strong></span> 
     </span>
     <span class='ocr_line' id='line_1_34' title="bbox 156 3255 1147 3332; baseline -0.008 -16"><span class='ocrx_word' id='word_1_239' title='bbox 156 3261 272 3332; x_wconf 85' lang='lat' dir='ltr'><strong>aliquod</strong></span> <span class='ocrx_word' id='word_1_240' title='bbox 297 3258 323 3315; x_wconf 87' lang='lat' dir='ltr'><em>G</em></span> <span class='ocrx_word' id='word_1_241' title='bbox 405 3265 436 3313; x_wconf 87' lang='lat'><strong>18</strong></span> <span class='ocrx_word' id='word_1_242' title='bbox 456 3275 490 3313; x_wconf 84' lang='lat' dir='ltr'><strong>ex</strong></span> <span class='ocrx_word' id='word_1_243' title='bbox 508 3255 564 3312; x_wconf 86' lang='lat' dir='ltr'><strong>suis</strong></span> <span class='ocrx_word' id='word_1_244' title='bbox 583 3255 711 3325; x_wconf 88' lang='lat' dir='ltr'><strong>partibus</strong></span> <span class='ocrx_word' id='word_1_245' title='bbox 734 3256 838 3310; x_wconf 88' lang='lat' dir='ltr'><strong>multos</strong></span> <span class='ocrx_word' id='word_1_246' title='bbox 860 3255 888 3308; x_wconf 89' lang='lat' dir='ltr'><strong><em>L</em></strong></span> <span class='ocrx_word' id='word_1_247' title='bbox 926 3255 1023 3325; x_wconf 84' lang='lat' dir='ltr'><strong>plures</strong></span> <span class='ocrx_word' id='word_1_248' title='bbox 1042 3274 1081 3312; x_wconf 86' lang='lat' dir='ltr'><strong>ex</strong></span> <span class='ocrx_word' id='word_1_249' title='bbox 1100 3272 1147 3312; x_wconf 86' lang='lat' dir='ltr'><strong>sua</strong></span> 
     </span>
     <span class='ocr_line' id='line_1_35' title="bbox 156 3325 1146 3399; baseline -0.005 -14"><span class='ocrx_word' id='word_1_250' title='bbox 156 3331 279 3399; x_wconf 84' lang='lat' dir='ltr'><strong>parteG</strong></span> <span class='ocrx_word' id='word_1_251' title='bbox 350 3336 384 3384; x_wconf 79' lang='lat'><strong>20</strong></span> <span class='ocrx_word' id='word_1_252' title='bbox 402 3327 475 3398; x_wconf 91' lang='lat' dir='ltr'><strong>petit</strong></span> <span class='ocrx_word' id='word_1_253' title='bbox 497 3327 528 3381; x_wconf 91' lang='lat' dir='ltr'><strong>in</strong></span> <span class='ocrx_word' id='word_1_254' title='bbox 546 3325 644 3380; x_wconf 83' lang='lat' dir='ltr'><strong>diebus</strong></span> <span class='ocrx_word' id='word_1_255' title='bbox 664 3325 790 3394; x_wconf 76' lang='lat' dir='ltr'><strong>Glsuoe</strong></span> <span class='ocrx_word' id='word_1_256' title='bbox 809 3326 872 3381; x_wconf 83' lang='lat' dir='ltr'><strong>edd.</strong></span> <span class='ocrx_word' id='word_1_257' title='bbox 891 3325 919 3380; x_wconf 87' lang='lat' dir='ltr'><strong><em>L</em></strong></span> <span class='ocrx_word' id='word_1_258' title='bbox 935 3342 996 3396; x_wconf 65' lang='lat' dir='ltr'><strong>erip.</strong></span> <span class='ocrx_word' id='word_1_259' title='bbox 1017 3328 1070 3382; x_wconf 80' lang='lat' dir='ltr'>liu.</span> <span class='ocrx_word' id='word_1_260' title='bbox 1087 3330 1092 3396; x_wconf 78' lang='grc' dir='ltr'>Ι</span> <span class='ocrx_word' id='word_1_261' title='bbox 1108 3327 1146 3380; x_wconf 87' lang='lat' dir='ltr'><strong>fu-</strong></span> 
     </span>
     <span class='ocr_line' id='line_1_36' title="bbox 157 3395 1145 3480; baseline -0.002 -28"><span class='ocrx_word' id='word_1_262' title='bbox 157 3402 270 3454; x_wconf 83' lang='lat' dir='ltr'><strong>neraret</strong></span> <span class='ocrx_word' id='word_1_263' title='bbox 287 3401 348 3467; x_wconf 73' lang='lat' dir='ltr'><strong>(orn.</strong></span> <span class='ocrx_word' id='word_1_264' title='bbox 362 3399 461 3468; x_wconf 87' lang='lat' dir='ltr'><strong>possit)</strong></span> <span class='ocrx_word' id='word_1_265' title='bbox 477 3396 503 3451; x_wconf 95' lang='lat' dir='ltr'><em>G</em></span> <span class='ocrx_word' id='word_1_266' title='bbox 566 3403 599 3450; x_wconf 79' lang='lat'><strong>21</strong></span> <span class='ocrx_word' id='word_1_267' title='bbox 614 3395 684 3450; x_wconf 78' lang='lat' dir='ltr'><strong>faoIt</strong></span> <span class='ocrx_word' id='word_1_268' title='bbox 698 3395 724 3452; x_wconf 88' lang='lat' dir='ltr'><em>G</em></span> <span class='ocrx_word' id='word_1_269' title='bbox 739 3399 743 3464; x_wconf 85' lang='grc'>1</span> <span class='ocrx_word' id='word_1_270' title='bbox 760 3397 970 3480; x_wconf 83' lang='lat' dir='ltr'><strong>enusquisque]</strong></span> <span class='ocrx_word' id='word_1_271' title='bbox 986 3395 1145 3470; x_wconf 69' lang='lat' dir='ltr'><strong>suosquel)</strong></span> 
     </span>
     <span class='ocr_line' id='line_1_37' title="bbox 158 3465 1144 3540; baseline -0.001 -20"><span class='ocrx_word' id='word_1_272' title='bbox 158 3473 191 3520; x_wconf 74' lang='lat' dir='ltr'><strong>aa</strong></span> <span class='ocrx_word' id='word_1_273' title='bbox 212 3483 305 3522; x_wconf 86' lang='lat' dir='ltr'><strong>omnes</strong></span> <span class='ocrx_word' id='word_1_274' title='bbox 319 3467 411 3522; x_wconf 84' lang='lat' dir='ltr'><strong>om.G</strong></span> <span class='ocrx_word' id='word_1_275' title='bbox 464 3474 499 3522; x_wconf 76' lang='lat'><strong>24</strong></span> <span class='ocrx_word' id='word_1_276' title='bbox 517 3467 549 3522; x_wconf 85' lang='lat' dir='ltr'><strong>fit</strong></span> <span class='ocrx_word' id='word_1_277' title='bbox 567 3483 618 3520; x_wconf 86' lang='lat' dir='ltr'><strong>om.</strong></span> <span class='ocrx_word' id='word_1_278' title='bbox 632 3465 658 3518; x_wconf 89' lang='lat' dir='ltr'><strong><em>L</em></strong></span> <span class='ocrx_word' id='word_1_279' title='bbox 721 3473 756 3522; x_wconf 77' lang='lat'><strong>25</strong></span> <span class='ocrx_word' id='word_1_280' title='bbox 775 3467 923 3524; x_wconf 83' lang='lat' dir='ltr'><strong>seuitan</strong></span> <span class='ocrx_word' id='word_1_281' title='bbox 959 3471 1144 3540; x_wconf 81' lang='lat' dir='ltr'><strong>maequuntur</strong></span> 
     </span>
     <span class='ocr_line' id='line_1_38' title="bbox 157 3535 1111 3609; baseline 0.006 -23"><span class='ocrx_word' id='word_1_282' title='bbox 157 3535 184 3586; x_wconf 88' lang='lat' dir='ltr'><strong><em>L</em></strong></span> <span class='ocrx_word' id='word_1_283' title='bbox 200 3539 203 3600; x_wconf 88' lang='grc' dir='ltr'>Ι</span> <span class='ocrx_word' id='word_1_284' title='bbox 220 3540 371 3603; x_wconf 89' lang='lat' dir='ltr'><strong>postquam</strong></span> <span class='ocrx_word' id='word_1_285' title='bbox 381 3536 538 3591; x_wconf 85' lang='lat' dir='ltr'><strong>-traneiit</strong></span> <span class='ocrx_word' id='word_1_286' title='bbox 555 3553 605 3590; x_wconf 88' lang='lat' dir='ltr'><strong>om.</strong></span> <span class='ocrx_word' id='word_1_287' title='bbox 625 3535 651 3588; x_wconf 88' lang='lat' dir='ltr'><strong><em>L</em></strong></span> <span class='ocrx_word' id='word_1_288' title='bbox 667 3538 670 3604; x_wconf 79' lang='lat' dir='ltr'>l</span> <span class='ocrx_word' id='word_1_289' title='bbox 687 3539 798 3607; x_wconf 84' lang='lat' dir='ltr'><strong>tempus</strong></span> <span class='ocrx_word' id='word_1_290' title='bbox 817 3537 874 3594; x_wconf 88' lang='lat' dir='ltr'><strong>diei</strong></span> <span class='ocrx_word' id='word_1_291' title='bbox 892 3541 1059 3609; x_wconf 85' lang='lat' dir='ltr'><strong>superuenit</strong></span> <span class='ocrx_word' id='word_1_292' title='bbox 1077 3538 1111 3594; x_wconf 89' lang='lat' dir='ltr'><strong>G.</strong></span> 
     </span>
    </p>
   </div>
   <div class='ocr_carea' id='block_1_6' title="bbox 0 0 1216 3938">
    <p class='ocr_par' dir='ltr' id='par_1_12' title="bbox 0 0 1216 3938">
     <span class='ocr_line' id='line_1_39' title="bbox 0 0 1216 3938; baseline 0 2"><span class='ocrx_word' id='word_1_293' title='bbox 0 0 1216 3938; x_wconf 95' lang='lat' dir='ltr'><strong> </strong></span> 
     </span>
    </p>
   </div>
  </div>
 </body>
</html>
