2416 3944
182 187 221 248 14
490 182 622 235 morus
641 182 844 235 cenrarsrs

180 356 218 398 ex
240 333 355 397 insulis
378 331 569 416 Cycladibus
592 331 694 396 XXX.
738 353 854 416 easque
877 353 996 417 magna
1024 335 1059 397 vi
1088 335 1147 398 fru-

179 418 280 482 menti
295 417 495 501 aliorumque
510 419 763 481 necessariorum
778 417 841 481 cibi
856 416 992 500 replent.
1030 420 1147 502 quippe

179 504 225 568 ita
240 502 280 566 ab
295 503 540 586 Agamemnone
552 501 740 566 mandatum
755 506 954 586 acceperant,
970 502 1146 567 scilicetne

178 591 270 652 tanta
292 587 340 650 vis
354 586 494 650 militum
514 586 766 650 necessariorum
788 587 925 669 penuria
945 585 1145 670 fatigaretur.

152 689 165 729 s
263 669 384 734 XVHI.
427 669 532 755 Igitur
559 671 645 734 inter
675 674 803 734 tantum
832 670 983 734 classium
1016 693 1059 754 ap
1086 693 1147 735 are-

177 761 247 820 tum
270 755 345 838 equi
366 759 463 838 atque
493 775 603 819 currus
625 754 732 819 bellici
760 755 802 819 ob
823 755 970 818 locorum
992 775 1055 819 con
1082 756 1146 820 ‘tio-

177 861 252 904 nem
281 839 391 921 multi,
418 839 473 904 sed
501 838 664 922 pedestres
691 838 810 904 milites
831 860 906 921 pars
927 839 1086 922 maxima,
1111 841 1144 904 ob

178 945 248 988 eam
269 945 427 1008 scansam,
470 924 546 1008 quia
622 945 639 986 r
675 945 802 987 omnem
840 922 1008 988 Graeciam
1043 925 1145 1000 multo

177 1009 298 1072 maiore
328 1011 470 1092 egestate
496 1008 583 1091 pabu
596 1009 624 1090 i,
653 1007 813 1090 equitatus
843 1029 919 1072 usus
946 1008 1144 1091 prohibetur.

141 1110 166 1150 ιο
177 1096 344 1176 praeterea
364 1091 455 1156 fuere
482 1091 592 1174 multi,
622 1092 677 1175 qui
706 1092 748 1157 ob
770 1092 848 1155 artis
870 1093 1021 1178 peritiam
1041 1114 1146 1157 neces-

178 1177 254 1242 sarii
275 1176 406 1241 naudao
428 1177 598 1260 apparatui
620 1175 841 1240 credebantur.
883 1175 1047 1259 peridem
1070 1181 1145 1242 tern-

177 1283 238 1346 pus
253 1260 370 1345 Lycius
384 1259 551 1345 Sarpedon
570 1281 677 1358 neque
698 1261 803 1343 pretio
825 1282 931 1343 neque
945 1261 1050 1346 gratia
1065 1259 1145 1325 Phe-

177 1347 260 1429 lidis,
283 1344 489 1410 Sidoniorum
510 1366 611 1431 regis,
644 1351 732 1409 inlici
751 1351 860 1424 quirit,
889 1351 934 1410 ati
958 1346 1142 1410 societatem
1184 1359 1185 1368 ¹

177 1431 312 1494 militiae
321 1435 452 1496 nostrae
463 1431 632 1499 adversum
644 1427 802 1493 'licianos
812 1434 1015 1514 sequeretur:
1027 1430 1143 1513 quippe

140 1532 165 1571 1⁵
178 1535 274 1598 quern
296 1515 361 1578 iam
376 1514 523 1579 Priamus
545 1514 638 1578 donis
665 1514 875 1596 amplioribus
897 1514 1007 1611 eisque
1034 1519 1143 1596 postea

178 1599 348 1683 duplicatis
363 1598 552 1662 fidissimum
574 1598 636 1662 sibi
652 1598 837 1662 retinuerat.
876 1619 1021 1662 omnium
1039 1603 1142 1662 autem
1185 1613 1186 1672 ζ

179 1681 327 1748 classium
349 1703 510 1764 numerus,
533 1703 630 1766 quem
652 1703 690 1746 ex
712 1682 846 1746 diversis
861 1682 1015 1747 Graeciae
1037 1683 1143 1768 regnis

179 1769 380 1832 contractum
394 1788 491 1850 supra
505 1767 720 1850 exposuimus,
735 1770 805 1831 toto
821 1767 1045 1850 quinquennio
1057 1788 1142 1850 prae

176 1855 307 1936 paratus
334 1852 573 1934 instructusque
601 1855 658 1918 est.
714 1851 760 1916 ita
787 1872 860 1916 cum
886 1851 978 1915 nulla
1003 1851 1069 1914 iam
1096 1872 1142 1914 res
1186 1907 1187 1918 ,

139 1955 164 2006 eo
176 1935 421 2020 profectionem,
443 1936 507 2000 nisi
529 1935 675 2000 absentia
695 1935 807 1999 militis
828 1933 1015 2018 retardaret,
1039 1935 1141 2000 armati

177 2021 272 2085 duces
300 2020 400 2085 veluti
429 2021 523 2106 signo
551 2021 626 2084 dato
652 2041 717 2084 una
744 2024 840 2103 atque
867 2019 978 2083 eodem
1000 2025 1142 2103 tempore

176 2105 328 2170 Aulidem
351 2105 527 2170 confluunt.

261 2189 350 2253 XlX.
393 2190 527 2253 Interim
556 2189 591 2251 in
625 2188 697 2270 ipsa
728 2186 903 2272 navigandi
937 2187 1141 2252 festinatione

101 2279 105 2286 '
176 2275 412 2357 Agamemnon,
435 2293 531 2356 quem
553 2293 572 2334 a
594 2271 717 2334 cunetis
744 2291 853 2356 regem
876 2272 1023 2336 omniurn
1044 2271 1141 2336 decla-

138 2349 282 2421 as'raturn
310 2378 407 2441 supra
433 2356 614 2438 docuimus,
648 2355 777 2452 longius
803 2355 901 2438 paulo
934 2357 975 2420 ab
1004 2357 1141 2420 exercitu

176 2461 364 2528 progressus
390 2441 475 2505 forte
503 2439 661 2523 conspicit
688 2461 772 2504 crrce
802 2439 911 2504 lucum
937 2438 1065 2506 Dianae
1091 2461 1142 2523 pe-

177 2530 318 2592 scentem
341 2546 487 2609 capream
509 2524 758 2609 inprudensque
786 2524 969 2609 religionis,
1001 2546 1083 2608 quae
1109 2525 1141 2586 in

177 2632 215 2676 eo
236 2610 309 2674 loco
337 2614 420 2693 erat,
447 2609 553 2674 iaculo
580 2608 751 2693 transfigit.
801 2630 907 2692 neque
939 2609 1043 2674 multo
1070 2613 1141 2692 post

176 2697 267 2759 irene
299 2695 427 2759 caelesti
458 2717 500 2758 an
535 2695 576 2758 ob
604 2693 816 2758 mutationem
844 2695 927 2757 aeris
955 2693 1140 2778 corporibus

138 2780 398 2865 aperampueis
430 2779 498 2844 lues
532 2777 664 2842 invadit.
720 2781 816 2861 atque
848 2778 980 2842 interim
1013 2779 1048 2842 in
1077 2775 1141 2839 dies

176 2865 279 2950 magis
307 2865 472 2949 magisque
508 2863 653 2927 saeviens
686 2861 788 2925 multa
826 2862 916 2925 milia
947 2862 1083 2946 fatigare
1111 2864 1142 2923 et

244 3003 424 3053 XIX-XXII
435 2999 531 3052 Malal.
543 3003 592 3052 123
605 2999 723 3052 Cadren.
734 2997 757 3048 P
768 3000 824 3052 124.
836 3000 884 3050 125
894 2998 991 3051 Taeta.
1000 2997 1141 3050 Antehom.

178 3071 312 3121 rel-209
330 3069 419 3119 Deras
437 3069 514 3120 XXV
531 3069 636 3119 Auctor
652 3065 708 3118 τῶν
729 3062 865 3131 Tetrinios
882 3066 911 3115 in
928 3067 960 3120 Β.
979 3067 1036 3118 Uff.
1050 3062 1142 3114 XXIII

176 3137 333 3267 {qqleerppei
350 3136 569 3201 Hephaestionis
592 3150 656 3188 nov.
677 3134 831 3185 fabularum
850 3135 992 3198 Exaerpta
1011 3135 1047 3200 (p.
1065 3133 1106 3196 39,
1125 3133 1140 3180 9

244 3326 259 3372 2
282 3323 346 3386 cybi
370 3322 392 3373 G
465 3319 586 3386 basqui
610 3320 632 3371 G
712 3323 727 3370 9
751 3333 864 3385 eqnsus
894 3320 1032 3384 egestatis
1052 3317 1141 3368 nsuG

177 3393 208 3440 13
226 3389 302 3455 frigii
321 3390 368 3440 GB
386 3387 510 3440 Phalidia
529 3404 599 3440 corr.
619 3388 644 3436 P
659 3403 716 3438 nera
732 3394 811 3445 recte,
834 3402 989 3450 mapaopere
1012 3384 1141 3451 quaeritur

176 3457 363 3573 ipleqqqqpoeqni
380 3455 492 3506 uirtutis
512 3455 560 3506 OB
594 3453 664 3505 illici
682 3455 774 3519 potuit
791 3458 822 3503 ut
838 3454 952 3504 uirtutis
971 3469 993 3504 s.
1006 3455 1032 3502 P
1047 3453 1140 3503 emend.
