2460 3940
368 215 480 268 annul
499 217 652 268 TROIANI
669 215 740 268 LIB.
757 217 791 270 V.
1006 216 1065 282 101

97 367 149 515 sq}
171 364 257 514 apud
272 365 454 514 lqrreroitum
479 387 539 450 per
552 365 738 515 trqbsentiam
759 366 930 470 leniretur,
959 371 1063 452 orent,

96 471 197 600 lad
219 469 341 619 ¹13qu
363 469 825 619 Soitlttfflomtt‘lntlltl
834 467 1065 622 tersere.

97 619 221 686 turbati
243 619 431 704 expulsique
453 620 494 684 ab
516 619 659 684 ducibus.
711 625 852 685 ceterum
874 621 983 686 Aiacis
1004 622 1065 686 filii

96 701 423 770 Acantides'dlsuoa
441 705 580 790 genitus
602 709 705 790 atque
727 704 906 790 Emysaoes
929 725 967 770 ex
986 705 1091 771 Teo-'t

98 805 205 854 messa
226 785 349 853 Teucro
371 788 490 854 traditi.
658 815 660 820 ·
848 854 859 872 ,

183 872 287 938 XVII.
324 873 410 938 Dein
426 871 540 938 Graeci
562 872 666 958 veriti,
689 893 732 938 ne
752 893 947 958 pernoram
968 875 1066 939 inter-

1 973 5 983 '
97 960 199 1023 ventu
225 957 340 1022 hiemis
368 980 450 1042 quae
477 957 649 1044 ingruebat
680 958 722 1022 ab
749 959 933 1044 navigando
962 960 1066 1024 exclu-

98 1042 260 1125 derentur,
281 1042 433 1107 deductas
454 1043 490 1106 in
509 1063 597 1107 marc
612 1065 710 1107 naves
731 1044 907 1128 remigibus
921 1044 1066 1129 reliquis-

98 1148 161 1212 que
183 1127 324 1192 nauticis
345 1128 570 1198 instrumentis
591 1128 770 1212 complent:
799 1132 896 1212 atque
922 1129 970 1194 ita
991 1151 1066 1194 cum
1079 1149 1104 1188 10

97 1212 149 1276 his
179 1232 261 1296 quae
293 1212 414 1297 singuli
442 1211 559 1296 praeda
586 1212 762 1278 multorum
791 1234 949 1278 annorum
972 1235 1066 1298 quee-

97 1296 256 1381 sivcrant,
279 1295 484 1362 discedunt
592 1363 594 1365 ,
772 1365 774 1370 ,
844 1359 846 1362 ,
891 1351 895 1358 .

183 1382 311 1446 Aeneas
333 1381 419 1466 apud
440 1379 571 1446 Troiam
597 1385 730 1466 manete
750 1382 806 1466 qui
833 1385 909 1466 post
931 1381 1066 1448 Graeco-

98 1487 172 1530 rum
203 1463 438 1550 profectionem
472 1469 604 1533 cunctos
637 1489 677 1530 ex
708 1463 861 1534 Dardano
896 1469 993 1551 atque
1027 1487 1066 1532 ex

99 1547 250 1635 proxima
262 1549 474 1634 paeneinsula
489 1549 565 1635 adit,
582 1555 662 1635 orat,
680 1551 729 1615 uti
743 1571 850 1624 seourn
866 1553 1067 1634 Antenorem
1080 1570 1105 1610 15

96 1655 200 1724 regno
227 1639 409 1720 exugerent.
459 1656 541 1719 quae
568 1639 740 1720 postquam
767 1636 938 1720 praeverso
967 1636 1007 1700 de
1032 1658 1065 1700 se

97 1719 215 1784 nuntio
230 1719 392 1786 Antenori
414 1721 547 1805 cognita
562 1725 648 1804 sunt,
671 1721 854 1806 regrediens
875 1719 916 1786 ad
936 1720 1066 1788 Troiam

97 1801 277 1888 inperfecto
309 1804 443 1890 negotio
479 1805 569 1870 aditu
622 1803 798 1873 rohibetur.
857 1807 904 1872 ita
938 1809 1066 1872 coactus

97 1903 173 1954 cum
194 1889 284 1957 omni
304 1888 501 1974 patrimonio
524 1891 564 1954 ab
614 1890 692 1957 roia¹
711 1890 853 1976 naviget
870 1890 1061 1973 devenitque

96 1972 138 2038 ad
159 1995 248 2038 mare
274 1974 488 2042 hadriaticum
514 1974 633 2040 multas
659 1974 789 2041 interim
812 1977 925 2058 gentes
946 1975 1059 2040 barba·
1073 1994 1098 2034 n

96 2079 151 2122 ras
172 2063 370 2142 praevectus.
424 2059 469 2123 ibi
497 2058 664 2141 cuminis,
688 2059 743 2142 qui
765 2079 873 2124 secum
887 2059 971 2124 navi
993 2080 1066 2122 ¹ave

96 2145 174 2206 rant
202 2141 365 2210 civitatem
393 2143 505 2208 condit
531 2143 725 2227 appellatam
754 2141 927 2226 Corcyram
984 2143 1066 2208 elac·

96 2249 184 2292 nam.
236 2231 376 2292 ceterum
410 2229 496 2313 apud
528 2225 658 2294 Troiam
688 2231 871 2312 postquam.
896 2227 984 2300 fama
1017 2231 1067 2294 est

95 2313 301 2378 Antenorem
323 2333 424 2410 regno
446 2313 597 2396 potitum,
620 2313 736 2398 cuncti,
759 2313 816 2396 qui
837 2311 923 2378 bello
946 2312 1065 2380 residui

95 2398 290 2484 nocturnam
312 2397 452 2465 civitatis
479 2397 601 2464 cladem
624 2400 805 2481 evaserant,
832 2396 874 2461 ad
896 2419 969 2464 eum
991 2417 1065 2465 con·
1078 2415 1103 2458 cs

96 2481 207 2547 fluunt
241 2481 394 2566 brevique
427 2481 543 2568 ingens
578 2481 695 2548 coalita
726 2481 916 2549 multitudo:
955 2485 1066 2548 tantus

100 2585 193 2631 arnor
219 2585 297 2650 erga
322 2567 522 2632 Antenorem
550 2570 646 2650 atque
675 2567 786 2664 opinio
803 2566 992 2650 sapientiae
1018 2566 1066 2632 in-

99 2654 254 2717 cesserat:
282 2651 305 2716 fi
341 2673 382 2722 ue
410 2652 560 2736 princeps
588 2651 747 2718 amicitiae
776 2651 845 2716 eius
870 2673 927 2715 rex
958 2652 1066 2716 Cebre-

95 2756 216 2800 norum
238 2731 320 2800 Ocni
342 2758 407 2803 eus.
880 2771 883 2776 Δ

183 2817 272 2904 Haec
293 2841 354 2906 ego
378 2819 518 2886 Gnosius
541 2817 655 2908 Dictys
676 2841 782 2887 comes
802 2819 968 2884 Idomenei
991 2838 1104 2905 con-‘³0

96 2899 213 2989 scripsi
235 2904 380 2971 oratione
403 2927 449 2988 ce,
472 2926 569 2988 quam
591 2905 728 2973 maxime
749 2905 835 2970 inter
855 2908 920 2970 tam
942 2899 1067 2969 diversa

96 2987 254 3072 loquendi
275 3009 394 3076 genera
420 2990 575 3074 consequi
602 3011 639 3060 ac
667 2987 935 3070 comprehendere
962 2988 1065 3072 potui,

95 3073 216 3138 litteris
242 3069 373 3139 Punicis
395 3076 436 3139 ab
455 3073 575 3140 Cadmo
589 3074 768 3158 Danaoque
789 3072 924 3138 traditis.
960 3093 1065 3155 neque
1117 3106 1119 3111 ·

96 3157 142 3222 sit
169 3159 288 3222 mirum
316 3159 481 3243 cuiquam,
511 3159 538 3223 si
575 3159 721 3244 quamvis
738 3157 859 3224 Graeci
881 3177 992 3228 ornnes
1020 3156 1065 3221 di·

165 3366 181 3413 2
201 3365 398 3416 conceduntG
428 3363 581 3416 concedant
598 3365 624 3414 B
693 3362 935 3428 teurysaoistB
953 3377 1022 3414 corr.
1041 3363 1067 3412 P

94 3433 129 3482 21
148 3437 320 3497 praeuentus
334 3431 404 3500 (ἰΒἸ
422 3433 589 3498 nauigarent
602 3430 636 3482 6¹
707 3433 739 3481 22
759 3427 966 3497 appellarunt}
985 3429 989 3494 Ι
1008 3443 1066 3479 me-

94 3497 233 3550 lanino
266 3500 404 3552 menelam
422 3500 447 3550 B
515 3501 549 3550 28
566 3501 720 3564 ingensque
740 3498 795 3562 GB,
815 3511 866 3563 qne
884 3513 931 3550 om.
951 3499 977 3546 P
1031 3497 1065 3546 28

97 3567 282 3632 gebrcnorum
301 3568 369 3632 libri,
389 3584 459 3623 corr.
477 3570 503 3619 in
520 3575 582 3619 uolt.
602 3568 673 3618 editt.
