2416 3944
340 181 453 263 sunm
470 180 711 232 1111111111.
729 177 751 234 1.
1015 180 1032 254 7

66 337 156 399 bens
195 333 285 398 cuius
307 330 447 396 adventu
469 334 540 396 tota
561 331 673 396 civitas
696 353 769 396 cum
791 333 909 416 partim
931 354 1035 398 exem·

69 420 159 504 plum
180 417 336 494 facinoris
358 419 613 497 exsecrarentur,
636 415 692 480 alii
714 415 848 481 iniurias
870 417 905 480 in
926 417 1035 482 Mene·

67 505 155 568 laum
178 497 331 566 admissas
354 500 513 584 dolerent,
542 500 634 566 nullo
661 501 805 565 omnium
827 501 1034 587 adprobante,

67 591 230 671 postremo
259 585 382 650 cunctis
409 585 653 670 indignantibus
681 585 838 650 tumultus
867 590 955 650 ortus
978 591 1035 652 est.

67 672 138 755 quis
167 671 263 735 rebus
291 670 406 734 anxius
433 669 579 734 Priamus
611 670 695 735 fillos
724 673 881 735 convocat
908 690 1062 756 eosquc,s

67 757 144 839 quid
168 776 264 839 super
285 754 343 819 tali
365 754 525 840 agendum
545 755 677 901 negotio
692 754 863 838 videretur,
887 756 1036 841 consulit,

67 842 123 924 qui
138 861 207 904 una
216 859 296 904 voce
311 839 444 902 minime
459 837 580 903 redden
602 861 654 903 am
664 837 823 903 Helenam
831 841 1035 923 respondent.

67 925 223 988 videbant
245 923 379 1006 quippe,
402 926 541 1006 quantae
565 943 641 1006 opes
664 945 737 988 oum
759 945 797 988 ea
818 923 968 990 advectae
991 947 1036 990 es-

67 1013 155 1074 sent:
180 1029 261 1090 quae
282 1008 442 1091 universa,
465 1007 493 1072 si
506 1006 632 1072 Helena
652 1007 841 1091 traderetur,
857 1010 1035 1074 necessario

66 1093 263 1157 amitterent.
341 1095 445 1156 raeter
478 1113 515 1156 ea
548 1093 686 1176 permoti
719 1092 824 1157 forma
856 1094 1036 1178 mulierum,
1051 1115 1075 1155 10

67 1196 150 1261 quae
174 1197 247 1240 cum
268 1115 394 1241 Helena
414 1180 579 1260 venerant,
601 1177 730 1260 nuptias
753 1177 815 1240 sibi
837 1177 1038 1263 singularum

67 1263 131 1326 iam
155 1261 264 1326 animo
292 1259 547 1326 destinaverant:
577 1261 696 1345 quippe
724 1261 780 1344 qui
808 1260 921 1346 lingua
942 1263 1038 1326 mori·

68 1347 194 1430 busque
223 1345 366 1424 barbari,
394 1345 477 1409 nihil
506 1346 599 1428 pensi
626 1349 683 1410 aut
708 1344 848 1409 consulti
868 1346 1037 1430 patientes,

67 1428 189 1514 praeda
211 1433 306 1512 atque
327 1428 461 1493 libidine
483 1429 659 1494 transversi
680 1430 867 1514 agebantur.

153 1512 246 1578 VIII.
290 1511 401 1598 Igitur
416 1513 565 1595 Priamus
591 1513 712 1578 relictis
734 1513 785 1578 his
806 1535 898 1578 senes
920 1515 1036 1580 condu·
1053 1535 1077 1574 15

68 1601 127 1682 cit,
151 1598 347 1662 sententiam
367 1598 509 1662 filiorum
535 1599 654 1682 aperit,
683 1599 758 1662 dein
786 1604 934 1683 cunctos,
962 1600 1039 1683 quid

67 1683 233 1768 agendum
260 1686 360 1765 esset,
390 1682 540 1746 consulit.
585 1682 641 1748 sed
668 1683 856 1767 priusquam
885 1705 922 1748 ex
950 1699 1039 1748 more

68 1767 250 1832 sententiae
279 1766 476 1850 dicerentur,
505 1767 609 1852 reguli
636 1771 769 1851 repente
798 1768 971 1832 concilium
992 1768 1040 1832 in-

67 1855 228 1936 rumpunt
255 1855 351 1935 atque
381 1851 556 1917 inconditis
583 1851 728 1916 moribus
755 1852 875 1915 malum
904 1853 1040 1936 singulis

67 1937 274 2018 minitantur,
297 1935 325 1998 si
347 1935 449 2018 aliter,
479 1956 575 2019 quam
596 1937 674 2019 ipsis
696 1935 866 2014 videretur,
894 1937 1040 2001 decerne·
1054 1958 1078 1996 20

68 2025 152 2086 rent.
199 2019 330 2084 interim
346 2019 450 2084 omnis
471 2020 610 2104 populus
625 2019 758 2104 indigne
773 2019 944 2082 admissam
959 2021 1040 2083 iniu-

68 2106 152 2169 riam
176 2107 273 2187 atque
300 2103 336 2166 in
363 2103 450 2168 huno
479 2103 609 2169 modum
636 2103 739 2167 multa
766 2103 830 2166 alia
858 2125 931 2167 cum
954 2125 1040 2168 exse-

70 2192 218 2254 cratione
241 2187 468 2252 reclamabant.
514 2189 555 2253 ob
583 2209 665 2270 quae
687 2183 875 2252 Alexanderx
892 2187 1041 2274 cupidine

68 2273 171 2338 animi
192 2293 346 2356 praeceps
374 2273 509 2355 veritus,
537 2293 579 2337 ne
601 2272 678 2355 quid
700 2270 868 2337 adversum
890 2295 923 2336 se
946 2295 965 2337 a
985 2295 1041 2356 po·

67 2357 239 2442 pularibus
255 2357 401 2440 oriretur,
422 2357 558 2441 stipatus
573 2357 704 2421 armatis
718 2356 871 2421 fratribus
886 2357 1042 2440 impetum
1054 2376 1080 2416 rs

69 2445 106 2508 in
129 2440 372 2506 multitudinem
392 2441 484 2526 facit,
505 2441 625 2506 multos
648 2443 833 2506 obtruncat:
856 2440 973 2524 reliqui
994 2441 1042 2506 in-

67 2529 223 2591 terventu
250 2547 437 2609 procerum,
470 2527 526 2608 qui
558 2525 594 2589 in
628 2526 762 2591 consilio
790 2525 934 2609 fuerant,
963 2526 1042 2590 duce

68 2613 254 2676 liberantur
269 2612 445 2676 Antenore.
483 2611 529 2675 lta
550 2610 679 2675 infectis
700 2611 796 2675 rebus
810 2611 950 2694 populus
968 2631 1043 2676 con-

68 2694 212 2778 temptui
226 2694 356 2758 habitus
366 2717 434 2760 non
447 2695 515 2760 sine
526 2695 668 2778 pernicie
684 2717 741 2759 sua
752 2693 883 2759 domum
899 2691 1040 2760 discedit.

156 2777 216 2843 IX.
253 2777 339 2842 Dein
367 2784 476 2844 secuta
503 2779 553 2844 die
580 2802 637 2844 rex
664 2779 796 2845 hortatu
823 2777 974 2844 Hecubae
1002 2777 1042 2842 ad
1055 2797 1081 2837 1ο

66 2864 234 2928 Helenam
256 2862 324 2927 adit
345 2885 479 2948 eamque
500 2863 639 2949 benigne
662 2864 804 2930 salutans
826 2863 948 2927 bonum
976 2862 1043 2927 ani-

68 2970 164 3013 mum
186 2946 238 3012 uti
264 2953 392 3032 gereret
418 2948 580 3013 hortatur:
604 2970 685 3033 quae
705 2948 859 3031 cuiusque
882 2952 973 3031 esset,
996 2969 1044 3011 re-

67 3033 183 3129 quirit.
228 3035 308 3096 tunc
333 3032 391 3130 illa
423 3033 599 3097 Alexandri
633 3054 666 3097 se
695 3032 834 3096 adfinem
867 3054 918 3097 res
942 3031 1042 3128 ondit,

66 3115 723 3285 mtttttttttlttdtttl.
741 3117 891 3266 ‘istd
912 3115 1043 3264 01111
1054 3216 1080 3258 a

144 3338 184 3389 1x
201 3337 299 3393 Malal.
319 3341 376 3396 120.
397 3341 444 3390 121
465 3337 581 3390 Oedren.
601 3339 624 3389 P
643 3341 692 3390 124

145 3457 177 3505 16
196 3457 308 3522 opperit
327 3457 349 3508 G
388 3459 420 3508 19
432 3459 584 3508 Perizonius
600 3458 709 3508 coniecit
721 3454 897 3517 clamoribus,
909 3455 950 3504 Jo.
963 3453 1042 3516 Gap.

67 3523 186 3574 Orelliuc
203 3524 334 3586 uocibus,
358 3524 540 3590 marmoribus
557 3525 663 3588 Peipar.
