2416 3944
356 227 467 278 BELLI
485 227 638 280 TROIANI
657 231 725 280 LIB.
743 231 794 282 III.
1016 229 1057 293 55

90 381 277 460 promptum
299 378 552 460 animadvertitf
567 378 662 442 simul
691 378 860 442 subvenire
882 379 947 462 his,
977 402 1057 464 quos

92 460 264 526 advorsum
291 462 446 545 bellabat,
476 463 607 546 cupiens
642 468 674 527 et
702 484 825 528 memor
851 465 947 546 paulo
983 470 1058 530 ante

91 547 237 628 repulsae
265 547 300 610 in
322 546 487 630 Polyxena
522 552 634 612 contra
660 548 777 612 tendit:
806 569 1058 633 progressusque

93 631 130 694 in
159 631 262 696 medio
291 631 517 714 Pylaemenenr
544 632 791 716 Paphlagonum
818 653 927 717 regern
960 634 1058 716 impe-

91 715 236 780 dimento
259 715 320 779 sibi
348 738 389 799 op
415 718 533 781 ositum
555 718 733 781 comminus
760 717 868 783 fundit
894 741 961 782 non
984 719 1084 782 alie-s

90 821 173 863 num
203 801 369 885 sanguinis
425 802 645 865 riamidarum:
679 801 908 885 perhibebatur
937 803 1056 887 quippe

91 883 148 948 hic
170 886 265 948 etiam
288 907 326 949 ex
348 885 413 968 his,
442 888 498 970 qui
520 909 539 950 a
560 885 685 951 Phineo
708 887 870 971 Agenoris
899 888 1057 971 originem

93 969 258 1052 propriam
285 971 440 1034 memoria
465 971 668 1054 repetebant:
697 993 802 1055 aquo
833 971 929 1035 etiam
952 971 1057 1036 Olizo-

90 1075 159 1118 nen
182 1055 333 1138 genitam,
355 1059 527 1140 postquam
548 1055 724 1120 adoleverit
746 1056 914 1120 deductam
936 1057 971 1120 in
993 1079 1058 1121 rna-

89 1139 282 1202 trimonium
303 1137 456 1204 Dardani.
1073 1158 1096 1196 10

180 1221 237 1287 VI.
275 1222 422 1288 Ceterum
449 1223 570 1288 Hector
602 1229 772 1309 postquam
801 1225 842 1288 ad
870 1247 902 1288 se
931 1225 1058 1310 agmine

91 1306 215 1371 infesto
237 1309 326 1372 tendi
346 1309 442 1390 videt,
466 1330 576 1374 causas
595 1309 660 1373 odii
683 1308 867 1374 recordatus
889 1331 957 1373 non
979 1309 1059 1372 ulte-

92 1393 161 1454 rius
196 1393 350 1475 impetum
379 1393 442 1457 viri
468 1394 605 1476 experiri
633 1415 729 1458 ausus
771 1415 809 1456 ex
838 1395 904 1457 acie
938 1393 1060 1456 subter-

91 1476 189 1560 fugit.
239 1481 370 1560 tumque
396 1477 540 1542 Achilles
574 1479 736 1542 insecutus
778 1481 934 1561 quantum
976 1473 1059 1542 acies

92 1560 237 1624 hostium
252 1561 441 1645 patiebatur,
464 1562 504 1626 ad
519 1568 716 1646 postremum
738 1562 894 1627 iaculatus
911 1565 1057 1647 aurigam
1071 1580 1095 1620 15

91 1647 163 1708 eius
191 1645 366 1729 interfecit,
396 1651 568 1731 postquam
589 1647 711 1712 Hector
738 1667 795 1730 per
817 1647 912 1712 aliam
934 1651 1060 1730 partem

92 1730 207 1794 relicto
230 1751 324 1794 curru
347 1731 524 1816 aufugerat.
569 1732 644 1826 dein
666 1737 812 1816 ereptum
835 1732 896 1796 sibi
919 1755 936 1795 e
958 1732 1059 1795 mani-

92 1815 154 1878 bus
176 1815 430 1880 inimicissimum
452 1817 596 1880 omnium
619 1817 730 1881 dolens
758 1839 866 1880 rursus
890 1816 1060 1890 vehemen-

92 1900 159 1962 tius
189 1901 311 1964 saevire
338 1905 543 1985 extractoque
572 1923 610 1965 ex
640 1923 774 1984 corpore
801 1901 931 1984 aurigae
953 1901 1058 1964 iaculo

93 1983 230 2048 fundere
258 1984 370 2049 obvios
399 2007 436 2050 ac
463 1991 640 2068 prostratos
674 2007 746 2050 cum
774 1985 854 2049 alios
882 1984 1056 2065 invaderet,
1072 2004 1096 2042 20

92 2075 173 2132 alios
201 2069 335 2152 desuper
356 2070 546 2152 proculcans
569 2074 738 2154 optereret.
783 2071 868 2132 inter
891 2090 971 2150 quae
993 2073 1061 2133 tam

92 2154 221 2234 trepida
250 2155 372 2218 cunctis
402 2154 601 2239 fugientibus
631 2154 775 2218 Helenus
809 2154 989 2237 quaesitum
1022 2174 1061 2216 ex

94 2237 222 2302 occulto
238 2237 365 2302 vulneri
386 2238 492 2304 locum
515 2239 570 2302 ubi
588 2241 702 2304 nactus
725 2242 782 2322 est,
804 2259 936 2302 manum
951 2237 1060 2302 Achil-

96 2321 138 2386 lis
153 2322 264 2402 procul
279 2328 375 2404 atque
398 2323 581 2407 inprovisus
596 2323 714 2408 sagitta
735 2323 907 2406 transfigit.
951 2323 997 2386 ita
1012 2323 1061 2386 vir

93 2428 112 2470 e
155 2406 246 2491 egius
268 2406 419 2490 bellandi,
441 2408 531 2472 cuius
553 2407 692 2472 adventu
713 2408 845 2472 territus
866 2407 1060 2492 fugatusque
1075 2423 1099 2464 25

96 2427 236 2574 dictor,
259 2491 353 2556 multi
375 2493 527 2558 mortales
548 2514 620 2556 cum
645 2491 777 2556 ducibus
805 2492 955 2573 extincti,
979 2493 1060 2554 clam

96 2598 117 2640 a
155 2597 195 2638 ue
206 2597 245 2640 ex
257 2577 382 2641 occulto
394 2577 579 2641 vulneratus
592 2599 629 2641 eo
642 2577 692 2642 die
703 2578 802 2642 finem
816 2576 957 2640 bellandi
973 2576 1059 2640 fecit.

180 2658 254 2745 VH.
298 2659 433 2724 Interim
460 2663 686 2746 Agamemnon
719 2666 752 2725 et
779 2683 852 2726 cum
880 2683 917 2724 eo
946 2661 1060 2725 Aiaces

92 2744 159 2808 duo
194 2745 282 2808 inter'
306 2749 443 2810 ceteram
472 2751 612 2831 stragem
634 2747 821 2830 ignotorum
848 2745 935 2810 nacti
963 2745 1061 2828 pluri-

91 2850 165 2894 mos
193 2828 315 2892 Priami
342 2830 482 2895 filiorum
515 2831 728 2912 interficiunt,
762 2835 858 2914 atque
889 2830 1099 2913 Agamem-³0

90 2935 163 2978 non
189 2916 347 2978 Arsacum
375 2936 449 2980 cum
475 2915 625 2998 Deiopite
653 2914 910 2980 Archemachum
938 2912 1062 2978 Laudo-

92 3019 168 3062 cum
206 3003 239 3062 et
275 2998 496 3084 Philenorem,
539 3001 623 3064 Aiax
661 2999 744 3064 Oilei
788 3003 820 3064 et
856 2997 1062 3062 Telamonius

162 3173 194 3219 22
212 3170 329 3220 Ptolem.
349 3171 387 3220 Vl
406 3187 432 3236 p.
450 3172 491 3234 35,
511 3173 535 3220 2.

164 3307 194 3354 12
213 3305 293 3354 tendi
311 3309 339 3355 et
357 3320 455 3355 causas
477 3305 523 3355 GB
541 3322 610 3356 corr.
632 3307 655 3355 P
716 3309 749 3356 20
768 3306 865 3356 obuios
889 3319 922 3354 ac
942 3319 981 3368 pr.
1000 3319 1059 3352 oum

90 3389 118 3424 a.
142 3373 199 3423 inu.
228 3388 261 3422 ae
284 3373 341 3423 des,
364 3389 404 3438 pr.
429 3373 476 3424 GB
517 3389 578 3423 cum
602 3389 641 3438 pr.
666 3389 689 3422 a.
713 3375 769 3425 inu.
790 3373 908 3435 desuper
932 3387 964 3420 ec
986 3387 1061 3436 proc.

91 3441 237 3491 obtereret
261 3442 298 3502 A,
328 3440 398 3491 alios
421 3457 435 3491 e
459 3443 606 3492 coniectura
627 3443 774 3504 scripsimus
852 3443 883 3488 21
909 3444 1017 3503 opteret
1042 3437 1063 3488 G

93 3506 259 3572 {oppeteret
273 3506 299 3556 B
334 3508 505 3573 obtereretp
574 3511 606 3560 31
625 3523 685 3557 cum
706 3524 752 3558 om.
771 3509 792 3558 G
812 3507 816 3574 l
837 3507 994 3571 deiopitheo
1015 3505 1062 3554 GB

92 3581 208 3626 nostrum
227 3575 364 3626 Mercerus
432 3579 464 3629 32
484 3581 512 3628 et
529 3583 588 3641 post
608 3574 679 3627 Oilei
697 3575 822 3628 omdB,
