2460 3940
165 199 205 264 78
472 198 605 251 Drc'rrs
623 198 823 251 ORETENSIS

164 351 336 435 plurimos,
365 349 413 414 uti
440 369 598 496 qqulrlnque
626 349 713 412 intra
733 349 850 431 telum,
878 349 970 430 ferit,
999 351 1035 414 in
1056 352 1137 434 quia

164 440 279 500 Nastes
307 438 340 498 ct
366 436 452 517 Amp
480 433 486 446 '
523 435 621 497 achus
654 433 773 516 reperti
807 431 918 498 Cariae
945 434 1134 518 imperitan—
1223 441 1224 506 g

163 525 222 585 tea.
259 520 387 602 iamque
409 517 504 582 duces
526 518 610 582 Aiax
633 516 716 585 Oilei
738 521 770 581 et
791 515 963 583 Sthenelus
986 519 1132 584 adiuncti
1223 597 1224 600 Ἴ

166 605 285 669 multos
306 603 505 667 interficiunt
526 606 621 686 atque
648 603 684 665 in
705 602 817 688 fugam
845 607 975 686 cogunt.
1030 625 1137 686 quare
1222 601 1224 656 l

138 689 299 754 eliciani
321 687 421 766 caesis
437 705 573 751 suorum
595 686 742 770 plurimis
769 708 929 770 nusquam
951 687 1018 752 ullo
1040 693 1131 752 certo
1223 689 1224 694 ’

165 773 277 839 ordine
300 775 356 836 aut
384 793 399 835 s
424 793 440 836 e
467 771 592 854 reliqua
612 771 780 835 resistendi
813 770 948 856 dispersi
970 772 1131 855 palantes-

165 880 226 943 que
248 877 340 921 ruere
368 878 387 920 a
436 859 546 940 portes
580 877 685 938 neque
712 877 848 938 usquam
875 877 938 920 mm
967 857 1002 919 in
1028 857 1132 920 muris

165 944 301 1008 salutem
323 941 459 1006 credere.
497 961 594 1023 quare
616 960 735 1024 magna
757 940 805 1005 vis
827 940 996 1006 hominum
1019 941 1059 1004 ab
1080 941 1130 1005 in-

165 1026 371 1110 sequentibus
392 1025 511 1090 nostris
537 1025 779 1090 obtruncantur.

127 1129 152 1168 10
249 1109 339 1174 XIII.
393 1107 456 1173 Sed
488 1109 544 1173 ubi
580 1108 697 1173 clausis
732 1109 834 1192 portis
870 1108 944 1172 finis
977 1108 1132 1173 caedendi

165 1197 269 1260 factus
290 1198 349 1278 est,
372 1193 487 1258 Graeci
501 1192 653 1257 Achillen
675 1193 716 1256 ad
737 1214 835 1258 naves
851 1192 1006 1256 referunt.
1037 1197 1134 1257 tunc·

166 1303 227 1365 quc
245 1279 436 1344 deflentibus
459 1278 582 1342 cunctis
598 1276 730 1343 ducibus
753 1299 862 1342 casum
876 1278 961 1341 tanti
982 1277 1044 1341 viri
1058 1277 1130 1360 plu·
1223 1303 1224 1340 1

164 1366 239 1430 rimi
260 1364 401 1429 militum
422 1362 509 1427 haud
531 1361 716 1445 condolere,
739 1384 859 1446 neque,
886 1361 933 1425 uti
960 1383 1011 1425 res
1034 1383 1132 1445 expo·
1223 1383 1224 1394 ¹

166 1451 287 1531 scebat,
308 1449 442 1513 tristitia
464 1447 673 1512 commoveri:
702 1447 820 1530 quippe
848 1446 956 1510 animo
984 1446 1131 1510 inhaese-

127 1549 152 1591 15
165 1538 216 1598 rat
236 1533 390 1598 Achillen
410 1553 505 1615 saepe
525 1531 660 1596 consilia
680 1529 837 1614 prodendi
852 1531 1011 1594 exercitus
1031 1531 1134 1594 inisse

166 1641 239 1683 cum
260 1617 422 1681 hostibus:
445 1619 584 1680 ceterum
607 1614 777 1680 interfecto
800 1635 838 1680 eo
854 1637 978 1679 summa
992 1615 1131 1680 militiae

145 1703 279 1768 ¹orbata
301 1705 334 1765 et
355 1698 542 1784 ¹ademptum
570 1699 821 1782 conplurimum:
850 1702 882 1764 et
903 1699 974 1764 viro
996 1700 1131 1784 egregio

165 1785 307 1851 bellandi
334 1806 376 1850 ne
409 1783 579 1849 honestam
613 1783 742 1867 quidem
769 1787 919 1867 mortem,
952 1789 1009 1848 aut
1036 1782 1135 1848 aliter

127 1972 152 2011 20
166 1870 485 2038 llaffisinaillitli
500 1873 663 2038 tratti
677 1868 1135 2037 ἙἙῖἔἎῑξὲἶἾὲΡξὲἓὲἱῖ
1221 1925 1223 1970 ³

165 2041 251 2120 lucc,
282 2061 345 2124 quo
374 2043 469 2103 antea
496 2038 661 2120 Patroclo,
688 2038 818 2102 bustum
846 2040 1009 2101 extruunt.
1054 2035 1133 2101 dein
1222 2037 1223 2060 *

165 2125 317 2208 imposito
329 2124 492 2221 ‘cadavere
515 2122 721 2220 subiectoque
743 2121 814 2207 igni
836 2122 921 2218 iusta
936 2121 1043 2218 funeri
1057 2141 1132 2204 per·

166 2205 1132 2388 &tuttelstetthaat,platta

127 2392 152 2431 2⁵
167 2397 260 2461 qmae
283 2374 549 2439 coadunarentur.
590 2375 677 2439 solus
698 2396 837 2458 namque
861 2374 1006 2439 omnium
1026 2395 1134 2457 paene

166 2462 252 2525 ultra
273 2459 399 2523 virilem
425 2458 556 2523 modum
585 2459 719 2524 interitu
740 2458 878 2523 Achillis
906 2462 1134 2523 consternatus

166 2550 228 2626 est,
258 2564 353 2626 quem
381 2542 532 2608 dilectum
559 2547 686 2627 praeter
714 2547 836 2609 ceteros
864 2543 974 2609 animo
996 2543 1133 2608 summis

166 2628 282 2694 officiis
300 2631 499 2711 percolucrat
526 2629 644 2712 quippe
664 2650 737 2692 cnm
759 2628 987 2694 amicissimum
1003 2630 1035 2691 et
1055 2649 1131 2690 san-

165 2713 263 2798 guine
286 2712 494 2777 coniunctum
514 2713 584 2795 sibi,
606 2717 676 2777 tum
691 2713 863 2797 praecipue
877 2712 1053 2796 plurimum
1067 2712 1132 2775 vir·

126 2811 152 2853 ³0
164 2802 234 2864 tute
256 2801 378 2862 ceteros
400 2797 649 2862 antecedentem.

234 2990 247 3036 l
272 2988 374 3052 primus
394 2986 415 3036 G
439 2986 475 3037 cf.
499 3002 524 3050 p.
543 2987 585 3046 73,
604 2986 636 3035 18
663 2986 704 3046 74,
722 2987 755 3035 22
832 2987 847 3035 2
874 2988 964 3035 rustes
989 2983 1036 3035 ΕΒ
1058 2999 1131 3034 corr.
1220 3033 1222 3048 ⁴

164 3055 301 3106 Mercerus
368 3058 385 3104 4
408 3053 526 3102 fundunt
543 3053 599 3102 PV
617 3053 787 3102 interficiunt
803 3052 829 3101 B
850 3052 939 3104 carali
1014 3053 1030 3102 5
1053 3066 1132 3100 num·
1221 3051 1222 3056 ’

166 3139 247 3188 quam
266 3119 314 3172 ΕΒ
331 3137 399 3172 corr.
421 3121 471 3169 VP
541 3122 571 3179 11
592 3135 708 3184 cumque
728 3119 776 3170 GB
801 3136 871 3171 corr.
889 3118 946 3168 BV
1019 3121 1050 3168 13
1068 3133 1132 3168 cum

166 3191 259 3241 dolore
282 3189 353 3248 libri,
378 3187 486 3238 Orellius
507 3203 558 3238 non
575 3191 638 3236 male
657 3187 801 3243 condolere
871 3183 1061 3250 requiscere.
1080 3201 1133 3236 non

163 3262 228 3308 male
245 3257 301 3308 PV
312 3265 373 3322 post
390 3256 492 3321 quippe
509 3251 513 3320 Ι
528 3255 557 3304 in
574 3253 665 3304 animo
682 3254 808 3305 haeserat
827 3253 906 3303 BVP
973 3255 1005 3303 16
1023 3268 1131 3302 summa
1221 3251 1222 3274 ¹

164 3343 199 3375 m.
218 3325 329 3385 orbata,
353 3326 422 3390 quod
442 3324 667 3386 suspicaturum,
687 3330 771 3372 tuetur
787 3322 813 3370 V
845 3337 976 3371 summam
996 3336 1029 3369 m.
1048 3320 1130 3370 orba-

165 3399 223 3442 tam
244 3394 300 3444 rell.
396 3394 427 3443 17
451 3389 511 3456 spei
538 3405 620 3455 quarn
647 3389 792 3454 plurimum
820 3385 887 3454 VPl
908 3395 936 3438 et
961 3387 1009 3440 GB
1033 3389 1078 3436 cui
1106 3389 1133 3436 V

166 3461 197 3509 19
214 3459 327 3508 licuerit
352 3460 422 3516 libri,
451 3473 497 3508 nos
525 3475 538 3508 e
565 3459 711 3508 coniectura
736 3459 884 3521 scripsimus
906 3455 1026 3506 licuerat
1095 3456 1130 3504 22

166 3527 265 3578 funere
285 3525 320 3574 0¹
395 3527 427 3576 28
446 3523 674 3590 perconsnluerat
693 3523 752 3589 GB,
772 3532 885 3575 nostrum
903 3526 975 3575 editt.
994 3530 1056 3577 cett.
