2416 3944
145 230 186 294 76
453 231 586 282 DICTYS
605 230 809 282 GRETENSIS

144 379 200 444 sed
227 379 415 463 priusquam
442 379 538 444 ferire
564 381 651 444 inter
680 401 713 445 se
741 380 839 464 acies,
873 383 930 446 aut
958 381 1020 446 iaci
1048 383 1119 448 tela
1205 339 1206 380 i

145 484 293 548 coepere,
316 464 444 528 barbari
466 463 617 528 desolatis
645 464 811 530 ordinibus
832 464 946 550 fugam
967 465 1112 532 faciunt:
1206 542 1207 552 χ

145 549 229 613 caesi
252 569 292 612 ue
314 569 424 612 eorum
439 548 580 631 plurimi,
603 552 659 613 aut
680 549 715 613 in
730 547 850 613 flumen
864 571 1017 634 praeceps
1033 550 1111 636 dati,

145 654 218 697 cum
263 634 317 697 inc
339 635 435 716 atque
456 632 531 697 inde
553 633 719 718 ingrueret
732 633 836 698 hostis
858 637 955 718 atque
970 635 1120 784 undique

119 717 294 801 eadempta
314 716 394 801 iuga
415 720 507 781 esset.
550 717 637 800 capti
659 718 757 782 etiam
776 717 907 802 Lycaon
930 724 962 782 et
983 717 1061 784 Troi
1075 743 1121 784 us.
1206 779 1207 786 ,

143 801 332 884 Priamidae,
355 822 436 884 quos
457 801 493 864 in
508 800 648 866 medium
662 801 836 886 productos
852 801 996 868 Achilles
1017 804 1112 889 iugu-

145 885 206 949 lari
228 884 318 949 iubet
352 885 538 970 indignatus
565 885 710 950 nondum
738 886 799 950 sibi
821 909 840 950 a
864 886 994 952 Priamo
1017 909 1119 972 super
1206 951 1207 960 ἶ

143 969 210 1052 his,
240 990 321 1053 quae
343 991 451 1034 secum
472 973 679 1053 tractaverat,
708 969 906 1036 mandatum.
951 993 1033 1056 quae
1055 974 1114 1037 ubi

144 1052 395 1117 animadvertere
423 1053 570 1137 Troiani,
596 1053 718 1118 tollunt
742 1055 882 1140 gemitus
910 1059 943 1120 et
970 1055 1110 1122 clamore

107 1156 131 1195 ro
144 1136 274 1221 lugubri
296 1135 398 1201 Troili
420 1159 528 1202 cesum
549 1137 766 1202 miserandum
786 1138 822 1202 in
836 1138 968 1206 modum
989 1140 1110 1205 deflent
1206 1125 1207 1180 7

143 1220 302 1286 recordati
324 1225 462 1286 aetatem
484 1222 552 1286 eius
574 1222 746 1287 admodum
768 1223 972 1306 inmaturam,
995 1225 1052 1307 qui
1074 1225 1111 1289 in
1206 1243 1207 1286 l

143 1306 256 1390 primis
277 1305 434 1390 pueritiae
455 1307 550 1370 annis
571 1328 645 1371 cum
665 1306 859 1372 verecundie
881 1329 918 1371 ac
940 1308 1118 1392 probitate,

143 1396 214 1455 tum
235 1391 405 1474 praecipue
433 1390 539 1457 ferma
568 1391 711 1476 corporis
733 1392 880 1456 amabilis
906 1396 1002 1476 atque
1024 1413 1116 1458 acce·

144 1478 220 1558 ptus
265 1475 450 1558 epularibus
472 1474 681 1540 adolescebat.

106 1577 131 1617 15
227 1497 268 1623 li.
311 1557 436 1623 Deinde
467 1560 638 1624 transactis
670 1559 781 1643 paucis
816 1541 926 1624 diebus
966 1561 1111 1625 solemne

142 1641 338 1726 Thymbraei
352 1641 514 1724 Apollinis
536 1644 668 1708 incessit
689 1647 722 1708 et
743 1644 868 1728 requies
889 1643 1032 1709 bellandi
1051 1667 1120 1730 per
1206 1659 1207 1662 ’

142 1725 283 1790 indutias
310 1726 510 1822 interposita.
547 1730 617 1791 tum
631 1731 769 1812 utroque
791 1728 934 1793 exercitu
949 1729 1108 1794 sacrificio

142 1810 310 1874 insistente
348 1810 495 1875 Prramus
539 1814 668 1895 tempus
710 1816 848 1877 nanctus
890 1812 1023 1878 Idaeum
1066 1815 1109 1878 ad

143 1894 294 1959 Achillen
316 1915 412 1980 super
433 1894 599 1979 Polyxena
620 1916 693 1962 cum
715 1896 874 1961 mendatis
895 1897 1005 1962 mittit.
1051 1899 1110 1963 sed

105 1999 130 2039 ro
143 1978 200 2043 ubi
226 1978 369 2044 Achilles
404 1979 439 2044 in
466 1979 539 2045 luco
569 2001 622 2063 ea,
656 2001 738 2064 quac
767 1981 868 2045 inlata
898 1985 1006 2065 erant,
1036 2003 1113 2046 cum

142 2063 239 2147 Idaeo
261 2063 433 2148 separatim
447 2064 488 2129 ab
503 2063 575 2129 aliis
596 2065 808 2150 recognoscit,
827 2066 958 2151 cognita
973 2087 1007 2131 re
1023 2067 1115 2150 apud

142 2169 241 2213 naves
266 2149 401 2233 suspitio
428 2149 560 2214 alienati
590 2148 679 2214 ducis
711 2152 744 2213 et
770 2149 811 2214 ad
831 2153 1032 2233 postremum
1062 2151 1117 2215 in·

143 2231 287 2316 dignatio
316 2235 436 2298 exorta.
479 2254 619 2315 namque
647 2235 742 2298 antea
769 2254 931 2300 rumorem
952 2233 1113 2318 proditio·

143 2315 193 2379 nis
216 2319 322 2380 ortum
343 2314 517 2380 clementer
561 2337 597 2381 er
618 2317 792 2383 exercitum
813 2318 849 2382 in
870 2340 982 2383 verum
1003 2323 1110 2384 traxe·

105 2402 226 2464 serant.
271 2400 313 2463 ob
340 2420 421 2482 quae
451 2400 512 2464 sim
575 2401 624 2465 uti
646 2401 824 2467 concitatus
845 2403 958 2468 militis
981 2403 1116 2468 animus

143 2483 313 2567 leniretur,
342 2484 426 2548 Aiax
460 2505 533 2549 cum
559 2484 716 2551 Diomede
751 2490 784 2550 et
811 2485 906 2551 Ulixe
935 2487 975 2560 cd
1001 2487 1116 2553 lucum

142 2571 285 2652 pergunt
310 2566 409 2652 hique
438 2572 513 2633 ante
541 2570 698 2654 templum
733 2571 888 2636 resistunt
916 2572 1110 2656 operientes,

142 2651 171 2716 si
198 2651 416 2736 egrederetur,
446 2652 597 2718 Achillen
624 2654 784 2738 simulque
812 2656 860 2720 uti
887 2677 956 2720 rem
985 2659 1112 2753 gestam

78 2777 82 2782 -
144 2736 253 2801 iuveni
275 2737 443 2821 referrent,
467 2738 506 2801 de
528 2741 634 2803 cetero
656 2739 754 2804 ctiam
775 2739 971 2805 deterrerent
992 2763 1028 2806 111
1048 2742 1117 2806 col·

105 2822 254 2905 coloquio
277 2821 361 2886 clam
383 2843 456 2886 cum
476 2822 624 2887 hostibus
646 2843 751 2908 agere.
1020 2823 1023 2830 ’

227 2905 285 2974 ΧΙ.
333 2906 468 2971 interim
495 2906 679 2972 Alexander
718 2908 905 2992 compositis
938 2909 1003 2973 iam
1040 2930 1116 2974 cum

145 2988 318 3072 Deiphobo
346 2991 471 3055 insidiis
505 2992 681 3076 pugionem
710 2991 869 3057 incinctus
896 2991 937 3057 ad
957 2993 1113 3058 Achillen

144 3073 180 3137 in
220 3072 325 3138 editur
352 3075 560 3140 confirmator
581 3075 683 3140 veluti
707 3097 832 3159 eorum,
856 3097 938 3162 quae
964 3075 1115 3142 Priamus

141 3178 185 3242 po
199 3157 356 3223 licebatur
372 3179 511 3243 moxque
533 3159 574 3222 ad
597 3181 703 3244 aram,
728 3181 791 3244 quo
813 3182 855 3225 ne
878 3161 981 3226 hostis
1003 3161 1117 3226 dolum

210 3344 570 3399 x.xl.Mau1.1oe.1ce
595 3346 712 3399 Gedren.
740 3348 763 3398 P
783 3351 831 3400 130
854 3349 949 3401 Treta.
973 3348 1113 3400 Poethom.

143 3410 279 3462 aee-425
297 3411 391 3465 const.
410 3413 532 3466 Manass.
552 3415 574 3465 P
592 3417 634 3466 29.

211 3563 226 3610 2
245 3559 344 3612 solutis
361 3563 385 3612 V
437 3565 468 3616 18
487 3565 606 3634 uarietas
621 3567 642 3618 θ
699 3568 733 3618 ³4
751 3583 786 3618 nc
805 3583 860 3634 qna
877 3551 964 3620 maluit
982 3569 1115 3619 Heinsius.
