2414 3946
307 211 353 258 ou
377 211 438 258 um
461 211 594 258 uxrem
618 210 692 258 cnr.
709 211 771 258 xxx.
982 195 1023 258 21

48 351 229 429 signiferum
247 351 350 411 orbem
367 351 472 411 diebus
488 362 625 411 cccxxv
641 359 670 410 et
685 350 795 428 aliquot
810 349 891 410 horis
906 349 951 410 sol
967 351 1024 410 cir-

48 443 186 504 cumeat,
209 443 313 511 quarta
337 453 459 497 necesse
481 445 526 496 est
540 442 625 514 parte
647 435 780 513 dempta,
804 434 832 494 id
856 441 900 495 est
921 433 1025 494 diebus

47 531 191 577 Lxxxxr
218 515 388 595 aliquotque
410 521 507 586 horis,
538 527 600 580 tres
623 519 751 595 quadras
777 517 898 596 reliquis
920 517 1024 578 diebus

48 613 228 662 ccuxxrxn
244 617 304 660 non
320 599 414 680 pienis
429 607 601 678 percurrat,
625 619 720 678 usque
736 603 805 662 dum
822 603 973 680 perveniat
988 602 1023 662 ad

9 687 79 746 eid
111 685 170 745 loci
204 685 284 745 unde
314 686 515 764 conceptionis
544 686 658 744 initium
695 686 855 764 quadratus
893 688 1022 764 aspiciat.

48 770 134 831 unde
155 776 254 830 autem
275 787 359 830 mens
374 770 503 830 humana
526 769 588 829 dies
609 771 679 829 istos
702 769 937 830 commutationis
958 789 1023 848 spe·
1044 783 1075 832 10

49 853 147 915 oulari
168 861 198 914 et
220 871 326 914 arcana
348 863 470 915 naturae
491 855 595 914 rimari
616 855 761 932 potuerit,
785 872 872 914 nemo
889 855 1021 914 miretur.

49 941 127 998 haec
150 940 229 998 enim
245 938 386 1017 frequens
406 939 590 999 medicorum
614 940 792 1016 experientia
811 937 950 1017 pervidit,
974 940 1025 1017 qui
1123 1011 1135 1024 ι

50 1041 122 1083 cum
149 1021 258 1082 multas
285 1023 555 1083 animadverterent
582 1041 684 1082 semen
712 1041 772 1082 non
798 1023 927 1084 retinere
953 1041 1024 1082 con-

1 1113 190 1186 receptum,
219 1115 392 1185 conpertum
419 1107 589 1168 habuerunt
614 1107 644 1166 id
672 1107 751 1185 quod
778 1107 856 1168 intra
884 1125 935 1167 sex
962 1107 1024 1168 dies

49 1199 204 1270 septemve
226 1189 386 1252 eiciebatur
403 1209 467 1252 esse
482 1191 626 1262 lacteum,
649 1199 678 1252 et
691 1201 870 1252 vocaverunt
891 1189 1023 1268 ἔκρυειν,

48 1275 133 1354 quod
150 1281 250 1352 postea
267 1282 364 1335 autem
381 1276 590 1352 sanguineum,
613 1275 703 1353 idque
725 1273 906 1351 ἐκτρωεμόε
922 1276 1024 1355 appel·

48 1361 143 1420 latur.
180 1360 258 1436 quod
281 1378 351 1419 vero
376 1359 463 1420 ambo
485 1367 587 1436 partus
609 1359 747 1420 videntur
768 1359 892 1438 paribus
908 1361 1022 1420 dierum
1043 1372 1074 1420 11

47 1443 187 1504 numeris
208 1445 368 1513 contineri,
396 1445 577 1523 Pythagoras
598 1444 731 1522 inparem
752 1443 867 1512 laudat,
893 1450 1023 1504 tamena

1 1543 26 1591 e
46 1536 133 1590 secta
146 1545 205 1586 non
219 1528 376 1608 discrepat.
397 1529 455 1589 duo
468 1529 545 1589 enim
558 1529 678 1606 inpares
691 1539 813 1587 ccvrxrr
826 1536 855 1588 et
867 1539 1026 1588 ccuxxnr

48 1613 125 1673 dicit
147 1611 274 1692 expleri,
297 1613 476 1691 adquorum
494 1615 779 1673 consummationem
801 1611 910 1691 aliquid
927 1631 963 1672 ex
979 1631 1024 1673 se-

48 1695 215 1775 questibus
236 1697 392 1766 accedere,
424 1697 503 1776 quod
525 1706 623 1758 tamen
646 1697 723 1757 diem
745 1696 869 1757 solidum
892 1715 951 1756 nou
973 1697 1023 1757 ad-

47 1784 140 1843 ierat.
172 1783 254 1840 ouius
270 1781 437 1860 exemplum
453 1782 585 1842 videmus
601 1789 659 1841 tam
676 1783 791 1842 ioanni
811 1799 898 1860 quam
915 1783 1025 1842 mensis
1044 1793 1074 1840 12

46 1867 149 1945 spatio
171 1883 303 1926 servasse
325 1876 476 1934 naturam,
509 1883 575 1926 cum
603 1873 632 1925 et
657 1866 726 1924 anni
747 1867 882 1942 inparem
906 1866 1023 1926 dierum

1 1963 27 2012 to
45 1956 257 2011 trecentorum
284 1952 434 2028 sexaginta
465 1951 595 2030 quinque
617 1967 775 2010 numerum
802 1949 950 2026 aliquanto
974 1968 1025 2009 cu-

47 2033 213 2096 mulaverit
228 2041 257 2094 et
273 2035 366 2095 mensi
382 2033 478 2095 lunari
495 2035 532 2095 ad
547 2035 610 2095 dies
631 2033 830 2111 undetriginta
847 2032 955 2113 aliquid
972 2033 1023 2094 ed-

46 2119 171 2180 diderit.

116 2203 180 2264 Neo
200 2220 270 2263 uero
292 2202 467 2264 incredibile
489 2211 533 2264 est
554 2203 590 2262 ad
611 2210 730 2262 nostros
746 2201 859 2263 natales
879 2204 1023 2264 musicam
1041 2207 1075 2266 12

46 2289 215 2366 pertinere.
260 2287 334 2348 haec
355 2290 434 2349 enim
456 2289 516 2348 sive
536 2289 566 2346 in
587 2305 659 2348 voce
680 2287 883 2347 tantummodo
906 2295 965 2357 est,
993 2297 1026 2348 ut

1 2387 26 2435 ts
47 2375 194 2435 Socrates
215 2373 269 2442 ait,
300 2373 375 2442 sive,
407 2380 439 2432 ut
459 2374 666 2442 Aristoxenus,
697 2373 727 2430 in
748 2389 821 2432 voce
841 2378 870 2432 et
891 2373 1025 2451 corporis

46 2463 152 2525 motu,
184 2457 245 2516 sive
267 2457 297 2515 in
320 2457 367 2518 his
389 2463 418 2517 et
432 2465 584 2536 praeterea
607 2458 638 2516 in
660 2457 750 2516 animi
766 2463 863 2526 motu,
895 2463 928 2516 ut
942 2464 1026 2534 putat

46 2539 296 2618 Theophrastus,
319 2549 400 2602 certe
416 2539 541 2600 multum
564 2539 677 2602 obtinet
691 2541 847 2601 divinitatis
870 2549 899 2600 et
919 2541 1025 2600 animis

44 2624 265 2706 permovendis
286 2624 445 2704 plurimum
468 2623 551 2684 valet.
594 2643 661 2684 nam
683 2625 738 2685 nisi
759 2632 841 2702 grata
863 2634 941 2686 esset
963 2625 1059 2685 deis2

47 2707 278 2780 inmortalibus
295 2711 345 2787 qui
361 2710 510 2770 exanima
526 2716 663 2770 constant
678 2709 789 2778 divina,
813 2709 948 2788 proiecto
964 2708 1025 2769 ludi

1 2807 27 2856 ro
46 2793 167 2856 scenici
186 2790 400 2872 placandorum
422 2793 547 2854 deorum
569 2811 656 2855 causa
682 2794 807 2853 instituti
829 2811 888 2852 non
917 2801 1022 2867 essent,

122 3015 147 3062 1.
168 3010 226 3062 cres
245 3013 301 3062 DV
351 3011 468 3077 estquod
487 3013 511 3061 D
575 3015 598 3063 3.
624 3026 686 3061 exn
705 3011 761 3060 DV
811 3009 982 3076 autquodque
1001 3013 1026 3061 D

46 3080 198 3147 quadrans
219 3078 272 3140 11¹,
291 3095 359 3134 corr.
378 3083 444 3130 m.2
506 3081 529 3130 7.
549 3093 644 3130 uiuunt
661 3079 718 3129 DV
776 3081 801 3132 8.
820 3077 954 3144 perturbes
972 3079 1030 3128 DV

47 3154 89 3202 10.
111 3149 273 3198 trudentur
291 3145 316 3198 ιδ
333 3162 362 3198 ur
380 3146 451 3212 quod
469 3148 493 3196 D
563 3150 604 3197 11.
625 3146 780 3197 eiieebatur
802 3147 830 3196 V
895 3159 1024 3198 eruentur
1112 3162 1114 3166 ·

45 3217 109 3268 DV
112 3253 119 3277 ‚
146 3231 219 3266 corr.
242 3231 273 3267 m.
291 3231 344 3267 rec.
365 3217 391 3265 in
414 3216 440 3265 V
508 3216 548 3266 12.
572 3215 706 3280 sanguine
733 3214 759 3263 V
827 3227 979 3266 exurocucc
1002 3214 1029 3263 V

46 3295 84 3347 tir
104 3288 145 3334 sie
161 3284 223 3345 fere
241 3286 339 3332 ductum
357 3282 409 3346 M)
480 3284 522 3332 14.
544 3285 573 3331 in
591 3286 698 3346 partem
721 3283 749 3332 V
814 3281 921 3332 cauden
939 3283 963 3331 D

47 3354 91 3402 16.
113 3363 322 3414 exequencurus
341 3351 365 3399 D
419 3352 458 3403 18.
478 3347 598 3400 uidemus
618 3347 646 3411 (e
664 3365 719 3400 ezer
735 3351 818 3414 facto)
838 3348 863 3400 D
914 3351 957 3400 21.
975 3363 1025 3398 un·

45 3420 229 3484 decerpentes
240 3418 265 3467 D
328 3419 370 3469 24.
383 3423 414 3468 ut
426 3421 552 3468 socrates
564 3417 618 3480 dV‚
631 3431 772 3468 cremares
790 3419 811 3466 D
874 3419 916 3469 26.
930 3419 986 3467 ami
1002 3417 1030 3466 V

45 3490 91 3538 27.
113 3487 311 3536 chenruusrus
330 3486 387 3535 DV
