2416 3944
158 211 223 258 VIII

158 347 303 430 sumpsit,
326 347 372 411 ita
394 346 490 410 etiam
517 347 587 429 ipsa
609 347 706 412 verba
727 368 766 410 ex
788 346 986 414 diversorum
1000 354 1130 434 tempo·

158 453 231 494 rum
253 431 461 514 scriptoribus
483 433 647 494 mutuatus
669 434 726 514 est,
749 452 854 496 senno
876 433 944 496 eius
966 435 1127 517 impurus,

158 515 269 578 multis
295 515 483 597 posterioris
510 514 680 578 latinitatis
707 513 876 598 phrasibus
904 520 937 580 et
958 522 1126 582 construc-

158 599 301 664 tionibus
323 599 433 682 quales
455 597 540 682 apud
561 599 736 682 Apuleium
756 597 978 684 Hegesippum
999 602 1126 666 Ammi-

158 704 257 746 anum
279 681 457 767 Sulpicium
479 682 632 748 Severum
656 681 806 747 Orosium
832 683 976 767 aliosque
1003 687 1127 769 reperi·

157 788 228 830 mus
261 767 380 837 mixtus
412 789 485 832 eum
518 768 614 832 tertio
643 767 694 831 vel
724 770 838 850 quarto
866 769 993 833 saeculo
1024 769 1127 852 serip-

158 851 235 914 sisse
271 851 443 916 verisimile
479 851 565 916 faoit.
615 849 655 914 In
692 851 880 934 quibusdam
917 853 1003 916 enim
1039 852 1125 918 anti—

158 934 328 1017 quissimos
349 933 568 1000 Romanorum
588 939 701 1018 poetas
721 935 876 1019 imitatur,
898 937 934 999 in
955 937 1026 1001 eliis
1041 937 1123 1002 Ver-

182 1019 281 1101 lium,
295 1019 417 1102 passim
433 1017 621 1084 Ciceronem
631 1018 762 1084 Livium
776 1019 923 1084 Taciturn
934 1019 1123 1086 Cornelium

190 1106 317 1186 epotem
339 1103 498 1186 sequitur,
527 1103 665 1168 maxime
687 1108 795 1168 autem
816 1102 1018 1170 Sallustium:
1041 1105 1121 1190 quid

157 1186 243 1269 quod
264 1185 350 1251 haud
364 1209 437 1251 raro
460 1189 554 1284 quasi
568 1187 723 1270 quaedam
744 1188 839 1252 huius
853 1188 1051 1254 imitationes
1072 1211 1121 1253 re-

154 1271 325 1354 periuntur
352 1274 448 1355 atque
470 1293 505 1335 m
526 1273 805 1356 Agamemnonem
827 1269 956 1336 Ulixem
978 1273 1067 1338 alios
1082 1294 1122 1336 ea

17 1379 23 1402 ν
154 1355 394 1420 transfeumtur
415 1376 496 1438 quae
518 1355 573 1419 ille
602 1356 639 1418 de
667 1355 825 1440 Iugurtha
846 1354 950 1420 Mario
979 1355 1121 1421 Catilina

155 1437 259 1503 dixit?
287 1439 376 1504 Haeo
397 1439 480 1503 mira
500 1439 647 1504 imitandi
668 1440 761 1522 ratio,
783 1461 864 1524 quae
886 1444 994 1504 utrum
1015 1442 1120 1538 magis

17 1557 18 1562 .
155 1524 255 1586 risum
277 1543 319 1587 an
333 1524 474 1587 taedium
488 1523 650 1587 interdum
665 1528 793 1604 moveat
815 1522 945 1588 diffieile
968 1527 1017 1589 est
1038 1525 1119 1589 dim-

156 1605 262 1671 dicatu
268 1657 277 1690 ,
306 1605 470 1671 hominem
499 1607 625 1671 videtur
649 1607 784 1691 prodere
814 1609 870 1690 qui
892 1630 970 1673 sano
999 1608 1118 1673 iudicio

30 1698 33 1702 ’
155 1697 256 1774 earet,
284 1690 348 1755 nisi
375 1690 459 1755 forte
481 1695 657 1756 statuemus
685 1695 816 1756 ornatus
844 1713 940 1756 eausa
969 1714 1007 1756 ex
1035 1694 1119 1756 anti·

155 1775 226 1857 quis
255 1775 479 1858 scriptoribus,
507 1797 570 1858 quo
600 1775 726 1839 nullum
760 1780 994 1841 ornamentum
1013 1777 1120 1842 maius

154 1861 187 1922 et
208 1859 331 1942 gratius
359 1859 535 1943 exoogitari
561 1860 684 1944 potuit,
709 1860 804 1924 modo
826 1860 903 1924 hino
924 1861 1020 1924 modo
1042 1861 1119 1924 inde

154 1963 236 2026 quae
258 1943 396 2008 maxime
417 1947 551 2026 possent
572 1943 711 2007 blandiri
732 1943 881 2028 decerpta
905 1966 983 2009 esse.
1029 1943 1118 2019 Quae
1187 2009 1188 2012 ,

153 2047 195 2090 ne
216 2030 336 2091 temere
358 2026 475 2092 dixisse
489 2026 599 2090 videar
621 2048 684 2110 qua
698 2028 822 2092 ratione
838 2026 1026 2092 Sallustium
1047 2029 1120 2091 imi-

153 2114 239 2175 tatus
261 2112 304 2176 sit
324 2111 433 2175 multis
448 2111 614 2194 utriusque
637 2111 801 2193 scriptoris
816 2110 941 2174 collatis
964 2110 1118 2194 exemplis

153 2195 390 2259 demonstrabo.
427 2217 459 2278 p.
481 2195 512 2278 4,
535 2197 552 2258 7
575 2194 708 2278 largiter
730 2194 963 2278 magnificeque
985 2216 1040 2258 eos
1061 2193 1118 2260 ha·

152 2280 267 2343 buere:
291 2277 385 2343 Catil.
412 2280 461 2361 11,
476 2280 497 2343 5
518 2278 681 2343 luxuriose
696 2278 855 2360 nimisque
869 2278 1045 2344 liberaliter
1059 2277 1117 2343 ha-

152 2363 267 2428 buerat
280 2401 322 2410 --
337 2385 367 2445 p.
392 2364 420 2444 7,
446 2363 485 2428 13
499 2363 583 2426 nihil
603 2361 696 2446 pensi
718 2365 774 2426 aut
788 2362 927 2426 consulti
941 2363 1117 2446 patientes:

153 2445 222 2512 Cat.
247 2447 301 2530 12,
331 2445 351 2510 2
378 2446 460 2510 nihil
487 2448 577 2531 pensi
607 2468 711 2530 neque
737 2446 894 2511 moderati
921 2445 1037 2510 habere
1060 2447 1118 2528 (ef.

151 2531 221 2615 lug.
243 2532 296 2614 41,
319 2532 353 2615 9)
375 2568 418 2578 -
438 2554 470 2615 p.
494 2534 528 2615 7,
559 2532 599 2595 14
627 2532 801 2596 transversi
829 2531 1022 2616 agebantur:
1043 2530 1117 2616 Iug.

152 2616 182 2698 6,
205 2617 225 2680 3
247 2619 447 2680 transversos
469 2617 538 2701 agit
559 2611 615 2701 (ef.
637 2638 668 2699 p.
694 2616 743 2699 14,
757 2615 820 2700 20)
840 2652 875 2662 -
899 2637 930 2698 p.
955 2616 983 2696 7,
1005 2613 1048 2678 28
1068 2615 1117 2680 ita

151 2699 291 2783 populus
324 2701 522 2784 contemptui
549 2700 679 2764 habitus
710 2699 840 2764 domum
868 2697 1016 2762 discedit:
1044 2697 1116 2782 Ing.

152 2784 209 2866 34,
231 2785 251 2848 2
273 2783 320 2848 ita
340 2784 479 2868 populus
500 2784 639 2848 ludibrio
661 2783 790 2848 habitus
816 2805 854 2848 ex
877 2783 1032 2848 concione
1054 2781 1117 2847 dis·

152 2869 236 2932 cedit
249 2904 292 2916 -
305 2891 337 2952 p.
361 2869 390 2952 8,
413 2869 454 2933 30
476 2869 521 2933 ita
542 2868 583 2932 ad
604 2871 802 2951 postremum
816 2869 937 2933 bonum
951 2867 1117 2951 publicum

151 2956 296 3016 materna
317 2953 421 3038 gratia
441 2956 628 3037 corruptum
642 2955 704 3016 est:
726 2951 797 3036 Iug.
818 2951 869 3034 25,
891 2952 912 3016 3
934 2952 980 3015 ita
993 2952 1117 3015 bonum

150 3037 315 3120 publioum
335 3038 463 3135 privata
484 3037 589 3122 gratia
617 3036 777 3102 devictum
797 3070 840 3082 -
860 3057 891 3118 p.
916 3035 972 3118 10,
993 3035 1034 3100 21
1062 3034 1117 3100 hie

148 3117 1117 3267 5thilles)rnprimisadulescentiaeannisproeerus‚deeora

64 3273 69 3276 ’
150 3205 1116 3385 sttetthstlttsstttutqttttththtt

152 3393 189 3436 eo
212 3395 261 3437 vis
285 3375 440 3457 quaedam
462 3374 645 3439 inconsulta
673 3377 706 3438 et
727 3373 824 3438 effera
850 3392 977 3436 morum
999 3373 1117 3454 mpetr-

151 3457 254 3522 entia:
275 3457 346 3543 Iug.
370 3460 400 3543 6,
425 3461 441 3522 1
459 3459 515 3542 qui
536 3457 722 3544 (Iugurtha)
744 3458 800 3522 ubi
820 3457 961 3541 primum
975 3455 1117 3520 adolevit
