2414 3946
151 142 194 207 26
396 155 444 203 nn
467 155 529 202 nuc
551 154 682 203 usuam
706 154 780 203 ene.
798 155 868 202 xrv.

152 295 221 357 bem
235 312 394 376 apparere,
410 295 441 355 in
456 295 543 356 tertia
557 292 681 354 barbam
697 294 796 365 nasci,
812 294 843 353 in
859 301 963 372 quarta
981 295 1082 364 virm,
1099 296 1129 354 in

153 381 253 459 quinta
280 380 477 442 maturitatem
505 379 542 440 ad
568 380 691 456 stirpem
711 377 951 458 relinquendam,
982 380 1018 438 in
1045 385 1129 440 sexta

152 463 362 544 cupiditatibus
381 464 557 541 temperari,
580 463 609 524 in
625 464 750 540 septima
765 462 953 540 prudentiam
973 461 1128 538 linguam·

153 567 210 627 que
232 550 445 618 consummari,
478 549 508 608 in
530 553 629 607 octova
652 546 756 606 eadem
778 563 900 606 manere
931 545 970 625 (in
993 565 1058 625 qua
1081 548 1128 608 alii

152 634 291 695 dixerunt
312 631 413 694 oculos
436 629 619 708 albescere),
651 630 681 690 in
703 647 782 692 nona
802 631 901 690 omnia
917 630 983 692 fieri
1008 631 1154 710 langui-5

152 717 243 788 diora,
259 719 289 778 in
306 717 418 778 decima
433 715 583 776 hominem
601 715 690 774 morti
705 715 770 775 heri
785 721 943 776 maturum.
976 725 1128 776 *stamen

151 803 182 862 in
198 801 327 863 secunda
343 797 529 861 hebdomade
543 798 589 859 vel
604 799 763 878 incipiente
778 800 864 860 tertia
875 817 978 860 vocem
997 803 1129 860 crassio-

151 905 216 948 rem
238 893 267 946 et
287 882 503 962 inaequabilem
519 883 597 952 fieri,
619 883 698 961 quod
714 881 888 944 Aristoteles
910 881 1046 962 appellat
1067 893 1128 945 tra-

152 971 244 1047 guin,
281 970 393 1047 antiqui
422 969 514 1028 nostri
540 965 727 1047 irquitallire,
760 967 882 1027 atinde
908 969 988 1045 ipsos
1021 976 1130 1046 putant

152 1051 317 1133 irquitallos
337 1051 495 1131 appellari,
524 1051 602 1131 quod
622 1059 685 1114 tum
707 1069 815 1129 corpus
830 1053 924 1112 ircum
946 1051 1034 1114 olere
1055 1057 1166 1115 inci-10

117 1150 134 1199 8
152 1139 222 1216 piat.
253 1138 290 1198 de
304 1139 392 1198 tertia
409 1144 507 1198 autem
522 1143 617 1198 aetate
632 1135 921 1198 adulescentulorum
937 1143 1000 1197 tres
1014 1137 1129 1216 gradus

153 1241 218 1284 esse
241 1223 334 1283 iactos
354 1223 384 1283 in
406 1222 529 1284 Graecia
551 1221 632 1299 prius
652 1239 740 1300 quam
763 1221 799 1280 ad
820 1222 900 1281 viros
921 1224 1129 1298 perveniatur,
1183 1206 1184 1258 l

153 1308 230 1387 quod
252 1314 360 1368 vocent
381 1324 525 1368 annorum
547 1317 627 1364 nitu
649 1305 762 1373 παῖδα.
791 1303 998 1383 μελλέφηβον
1025 1316 1129 1369 autem
1184 1300 1185 1370 l

153 1407 215 1462 xv,
238 1392 307 1453 dein
323 1391 452 1454 sedecim
467 1388 608 1470 ἔφηβον,
630 1397 701 1450 tnnc
716 1389 926 1468 septemdecim
947 1387 1128 1470 ἐξέφηβον.
1185 1391 1186 1462 l

118 1489 135 1538 9
153 1484 306 1555 praeterea
323 1475 413 1536 multa
428 1483 499 1537 sunt
513 1474 551 1536 de
563 1473 609 1534 his
624 1473 860 1542 hebdomadibus
875 1492 950 1552 quae
961 1476 1078 1536 medici
1095 1495 1130 1537 ac
1146 1487 1168 1535 15
1186 1485 1187 1548 t

153 1558 321 1638 philosophi
335 1558 418 1620 libris
433 1558 655 1628 mandaverunt,
672 1558 752 1620 unde
767 1566 897 1638 apparet,
914 1566 947 1619 ut
960 1559 992 1618 in
1009 1561 1132 1622 morbis
1187 1577 1188 1640 t

153 1646 215 1705 dics
236 1644 353 1722 septimi
373 1647 503 1722 suspecti
522 1651 592 1705 sunt
617 1651 645 1706 et
666 1645 803 1705 cr'isimoe
824 1643 978 1712 dicuntur,
1006 1645 1050 1704 ita
1073 1664 1131 1724 per
1187 1645 1189 1740 'q

153 1746 271 1790 omnem
292 1729 379 1788 vitam
396 1730 553 1806 septimum
575 1746 723 1808 quemque
743 1745 853 1789 annum
869 1729 1078 1807 periculosum
1102 1737 1132 1791 et
1189 1763 1190 1840 q

103 1825 135 1876 10
153 1813 232 1875 velut
248 1814 389 1874 crisimon
411 1829 476 1874 esse
497 1821 526 1874 et
542 1812 773 1874 climactericum
790 1813 918 1873 vocitari.
953 1812 1006 1873 scd
1024 1832 1065 1874 ex
1080 1814 1131 1875 his
1190 1855 1191 1926 q

153 1898 330 1978 genethliaci
350 1897 422 1960 alios
444 1896 508 1959 aliis
529 1896 712 1959 difficiliores
734 1915 799 1958 esse
821 1897 972 1968 dixerunt,
1001 1904 1034 1958 et
1050 1916 1130 1960 non·
1147 1910 1173 1958 nn

154 1983 227 2045 nulli
248 2001 299 2046 eos
314 1983 496 2061 potissimum
518 1999 593 2060 quos
612 1991 716 2043 ternae
736 1980 938 2043 hebdomades
959 1982 1131 2044 conficiunt
1191 1949 1192 2026 l

153 2075 258 2147 putant
284 2067 501 2138 observandos,
532 2068 590 2127 hoc
616 2074 773 2127 estonum
801 2074 832 2127 et
851 2067 1066 2137 vicensimum,
1099 2077 1130 2129 et

154 2154 435 2231 quadragensimum
457 2151 636 2222 secundum,
668 2151 736 2212 dein
760 2152 879 2212 tertium
900 2157 930 2210 et
949 2155 1130 2228 sexagensi-

153 2255 249 2305 mum,
265 2244 449 2315 postremum
466 2237 701 2314 octogensimum
716 2244 745 2297 et
759 2243 911 2315 quartum,
932 2237 963 2296 in
979 2254 1041 2314 quo
1060 2238 1130 2298 Sta-

104 2331 134 2380 11
154 2339 219 2381 seas
239 2321 398 2382 terminum
421 2323 497 2382 vitae
517 2320 625 2382 delinit.
661 2319 709 2380 alii
731 2327 827 2381 autem
845 2337 904 2380 non
919 2321 1006 2399 pauci
1027 2340 1128 2384 unuin
1146 2331 1175 2380 25

154 2407 286 2465 omnium
309 2404 512 2467 difficillimum
534 2404 702 2466 climactera
716 2404 925 2484 prodiderunt,
948 2423 1025 2467 anno
1042 2407 1129 2468 scili-

223 2625 245 2676 1.
270 2637 394 2676 nennium
417 2627 442 2675 D
511 2639 594 2675 usses
617 2626 655 2686 D,
678 2625 752 2674 uires
771 2623 830 2674 dV
893 2627 918 2677 3.
942 2627 1080 2690 temptari
1103 2627 1130 2675 V

153 2694 179 2743 4.
206 2707 313 2743 corana
335 2694 360 2743 D
428 2694 458 2743 in
480 2707 536 2756 qua
560 2717 588 2730 -
612 2691 791 2757 languidiora
816 2708 864 2745 om.
891 2692 917 2740 V
984 2695 1008 2743 ’1.
1038 2693 1128 2745 esbo-

154 2759 230 2811 mebe
248 2761 309 2811 DV
375 2762 400 2814 8.
420 2773 594 2811 antenorems
613 2761 637 2809 D
692 2757 831 2822 τραγίζειν
849 2763 921 2823 uulgo
991 2762 1015 2813 9.
1034 2774 1126 2826 trqut-

153 2843 269 2880 nanctae
289 2827 314 2893 (r
325 2831 381 2880 din
391 2828 456 2890 rae.)
475 2829 500 2878 D
569 2830 609 2879 10.
628 2840 823 2891 *requirentes
837 2829 869 2890 D,
888 2827 1047 2892 irquitallos
1069 2830 1130 2879 dV

153 2912 240 2948 eneae
258 2898 283 2947 D
352 2900 393 2948 13.
412 2894 487 2947 παδα
503 2898 536 2956 D,
556 2893 629 2946 παδδ
651 2895 684 2959 V,
702 2893 788 2945 παιδα
805 2911 873 2946 corr.
889 2911 944 2947 rec.
963 2913 995 2950 m.
1014 2900 1040 2946 in
1065 2897 1094 2947 V

153 2964 381 3030 mennephoehou
406 2964 462 3014 DV
534 2965 573 3015 14.
603 2963 763 3028 aephoenou
785 2964 822 3026 D,
856 2963 1001 3027 ephoebon
1029 2964 1058 3012 V

152 3032 301 3096 εξεφοιιιοιε
319 3033 351 3088 D,
371 3031 502 3094 eieprsou
520 3032 546 3080 V
613 3034 652 3082 15.
671 3028 862 3081 eubomaouaus
880 3032 936 3080 DV
1004 3034 1044 3083 17.
1065 3048 1127 3084 om-

154 3112 229 3151 stmae
246 3102 284 3162 D,
305 3099 443 3148 crisimiee
466 3099 494 3147 V
565 3101 605 3150 19.
626 3094 859 3164 climactericum]
885 3100 945 3150 add.
969 3100 997 3149 V
1011 3116 1042 3150 m.
1063 3105 1080 3150 1
1098 3103 1126 3150 in

151 3183 232 3233 marg.
252 3166 381 3230 corusci,
405 3183 435 3215 m.
454 3169 471 3216 2
488 3181 566 3230 cuper
587 3181 687 3216 uersum
708 3166 818 3216 incertia
887 3169 929 3218 20.
948 3182 1030 3218 acras
1049 3183 1124 3219 anns

152 3236 209 3283 DV
242 3234 519 3304 sparsiornctonesD
587 3237 629 3284 21.
648 3249 751 3284 renuas
769 3233 958 3298 (sdinrae.)
978 3237 1003 3285 D
1075 3252 1124 3286 ea-

152 3300 279 3354 bomebss
297 3303 354 3353 DV
424 3304 465 3353 22.
484 3318 518 3353 oc
540 3302 566 3351 V
615 3301 776 3354 uicesimum
797 3302 826 3353 V
890 3304 932 3355 23.
952 3302 1126 3370 quebnaqtu·

154 3379 249 3417 simum
267 3371 306 3434 D,
327 3369 569 3436 quadragesimum
591 3371 618 3420 V
684 3381 889 3438 sexeqaastmum
908 3371 946 3436 D,
975 3374 1124 3438 sexagesi-

153 3447 225 3482 mum
247 3436 274 3483 V
339 3439 471 3488 24.1.xxx
487 3438 552 3487 DV
616 3453 683 3502 quo*
701 3440 726 3488 D
