2460 3940
168 215 205 262 vr
532 213 756 282 *Praesumo

167 351 349 436 scripturae
376 349 520 416 varietas
554 358 588 415 et
614 348 717 415 altera
743 350 801 416 illa
827 373 928 438 quam
955 351 1026 416 dixi
1055 373 1143 418 oon—

166 469 277 527 textus
300 459 406 525 forma
420 459 516 546 plene
538 481 577 524 ac
596 461 767 546 perspicue
789 461 823 525 in
845 461 1059 529 adnotatione
1083 484 1142 549 ap-

164 579 354 657 poneretur.
391 569 508 657 Itaque
529 580 720 656 pergratum
738 571 877 656 contigit
899 581 935 638 ut
947 573 1140 638 Aucusws

164 679 383 763 anms,
421 680 513 744 ouius
551 681 697 747 amicitia
732 703 799 747 non
834 682 868 747 in
900 682 962 747 bac
998 704 1066 747 una
1102 705 1140 747 re

163 799 317 876 prompta
343 789 422 855 mihi
451 812 490 854 ac
517 800 635 876 parata
662 791 726 856 fuit
753 792 879 858 Romae
908 794 1138 873 commoranti,

162 910 281 984 sponte
295 899 489 966 concederet
503 901 753 966 commentarios
770 921 847 966 suos
862 902 981 987 quibus
1005 922 1139 966 omnem

163 1031 181 1073 e
209 1009 322 1074 codice
350 1009 512 1076 Vaticano
541 1009 734 1076 varietatem
762 1009 876 1076 sedulo
903 1011 1137 1098 exscripserat.

163 1117 229 1184 Hic
251 1120 339 1184 onim
360 1117 453 1200 liber,
476 1130 513 1185 ut
536 1142 610 1186 oum
631 1119 897 1187 Darmstadiensi
918 1120 987 1186 fere
1010 1121 1136 1208 ubique

162 1230 339 1311 consentit,
363 1229 411 1294 ita
432 1233 466 1293 in
488 1228 639 1294 dissensu
661 1229 852 1317 plerumque
875 1231 1024 1317 sequitur
1046 1231 1136 1298 alte-

161 1361 233 1404 ram
255 1337 347 1404 illam
368 1339 583 1406 recentiorem
604 1361 747 1404 manum.

227 1448 325 1514 Hanc
358 1449 491 1535 quidem
521 1450 645 1515 vetusti
678 1449 849 1515 cuiusdam
885 1449 1134 1536 interpolatoris

161 1579 305 1644 operam,
328 1559 535 1645 paucissimis
557 1558 638 1624 locis
660 1559 867 1646 probandam
890 1558 941 1644 (ut
961 1560 1065 1646 ρ.25,
1085 1561 1136 1626 16.

161 1668 212 1749 66,
227 1667 295 1756 20),
319 1690 393 1733 cum
416 1668 520 1733 secuti
541 1678 652 1733 essent
666 1670 791 1756 priores
814 1670 957 1736 editores
973 1669 1136 1758 plerique,

160 1777 302 1865 plurima
325 1801 404 1844 sane
425 1777 548 1843 indicia
570 1779 763 1844 mendorum
785 1801 870 1866 quae
884 1780 1076 1866 antiquitus
1100 1783 1136 1846 in
1218 1763 1219 1770 ἵ

162 1888 334 1955 Censorini
353 1889 473 1955 librum
494 1887 696 1974 irrepserant
708 1889 950 1976 quodammodo
973 1890 1080 1956 oblita
1103 1903 1137 1957 et

162 1999 325 2066 occultata
347 1999 491 2065 fuerunt.
537 1999 715 2085 Postquam
737 2020 816 2065 vero
838 2001 968 2066 omissis
990 2000 1040 2064 his
1064 2001 1136 2066 ina-

160 2111 258 2176 nibus
281 2111 473 2176 commentis
490 2108 570 2176 Otto
586 2109 710 2174 Iahnus
732 2111 855 2175 reverti
876 2110 984 2195 coepit
1006 2109 1050 2174 ad
1066 2112 1134 2196 pri·

161 2221 286 2285 mariae
308 2241 424 2284 manus
439 2220 593 2304 vestigia,
615 2218 719 2284 multa
742 2219 820 2285 olim
841 2221 1002 2286 immerito
1020 2232 1135 2305 spreta
1216 2285 1217 2292 ¹

161 2337 218 2392 aut
244 2327 395 2413 neglecta
422 2351 464 2393 ex
492 2329 554 2394 hac
582 2330 655 2416 ipsa
683 2329 877 2395 auctoritate
900 2330 1037 2414 corrigi,
1066 2331 1136 2394 alia

160 2437 324 2525 probabili
346 2439 532 2504 coniectura
554 2441 664 2505 sanari
686 2449 879 2526 potuerunt,
902 2437 1060 2505 nonnulla
1085 2449 1135 2504 ta·
1216 2455 1217 2489 ι

160 2570 234 2613 men
267 2570 351 2634 quae
383 2549 517 2634 gravius
550 2558 704 2637 corrupta
736 2559 847 2616 essent
873 2549 998 2615 intacta
1025 2548 1135 2614 relin-

160 2657 291 2744 quenda
312 2661 456 2724 fuerunt.
499 2658 545 2725 Et
566 2662 710 2725 maxime
731 2659 924 2725 lacunarum
943 2667 1037 2725 notas
1061 2681 1134 2725 sae·

160 2768 234 2855 pius
248 2769 328 2854 poni
351 2768 495 2856 oportuit
516 2791 615 2856 quam
637 2778 733 2835 antea
747 2770 874 2835 factum
897 2779 978 2837 erat.
1013 2768 1089 2850 Quo
1116 2793 1133 2834 e

159 2901 279 2964 genere
307 2887 344 2944 ut
365 2901 465 2944 unum
489 2878 623 2944 afferam
630 2930 638 2963 ,
669 2889 807 2966 apparet
828 2901 900 2967 cap.
917 2895 979 2943 xlv
1011 2877 1059 2966 (p.
1076 2879 1132 2961 25,

162 2988 216 3073 17)
246 2990 349 3055 verba
370 2990 504 3055 turbata
526 3010 603 3068 quoe
626 2993 685 3054 duo
707 2999 766 3054 cet.
794 3011 860 3056 non
885 3010 982 3077 posse
1011 3011 1050 3054 ea
1071 3011 1135 3064 ra-x

158 3100 248 3164 tione
271 3098 381 3164 sanari
402 3120 500 3184 quam
521 3099 712 3166 Ludovious
736 3099 776 3165 de
798 3100 859 3165 Ian
884 3099 959 3164 iniit
980 3099 1014 3163 in
1037 3119 1135 3164 com-
1213 3135 1214 3142 ι

161 3209 328 3274 rnentariis
364 3208 618 3276 Monacensibus
654 3212 709 3297 qui
740 3210 966 3277 inscribuntur
995 3213 1134 3275 Gelebrlc

160 3323 314 3396 Anzeiqen
342 3320 442 3402 (tom.
463 3319 584 3385 XXIV
612 3343 644 3406 p.
666 3319 725 3384 211
751 3321 822 3406 aa).
872 3321 958 3386 Nam
984 3341 1058 3385 eum
1089 3320 1132 3384 de

160 3425 319 3491 duodenis
343 3447 503 3493 annorum
517 3429 778 3497 hebdomadibus
800 3432 835 3496 in
857 3439 999 3497 aetatem
1018 3429 1133 3494 huma·
