2414 3946
183 193 223 257 18
448 207 496 254 ua
517 207 579 254 um
601 206 733 256 nerant
756 204 832 252 car.
849 205 882 252 x.

182 346 321 408 dantibus
343 347 474 424 pondera
496 346 643 416 mutabat,
676 353 705 406 et
726 344 885 405 identidem
908 343 1087 421 frequenter
1110 365 1162 407 ex·

181 438 286 512 pertus
302 439 453 509 postremo
469 430 665 508 deprehendit
679 437 751 490 tune
763 429 835 490 duas
851 427 977 488 chordas
993 431 1162 490 concinere
1195 436 1196 484 t

183 517 211 576 id
234 517 312 595 quod
335 525 379 576 est
398 515 451 578 διὰ
465 513 642 592 τεττάρων,
666 531 732 576 oum
749 528 851 571 earum
873 510 1005 588 pondera
1027 513 1113 573 inter
1129 532 1161 574 se

183 599 286 674 collata
308 601 452 660 rationem
475 598 620 658 haberent
641 612 729 674 quam
750 596 807 656 tria
829 594 865 654 ad
888 600 1042 672 quattuor,
1066 615 1161 674 quem

184 685 358 764 phthongon
389 681 566 742 arithmetici
596 681 701 740 Graeci
732 680 871 756 epitriton
903 685 1023 747 vocant,
1055 680 1197 761 Latinis1

147 769 403 848 ssupcrtertium.
441 771 470 825 at
492 783 555 826 eam
579 764 775 842 symphonian
796 781 871 841 quae
892 761 944 826 διὰ
959 762 1058 826 πέντε
1083 765 1160 826 dici·

183 862 231 913 tur
257 851 298 912 ibi
323 851 435 911 invenit
460 849 511 910 uhi
532 848 699 927 ponderum
721 848 880 908 discrimen
907 849 936 907 in
958 849 1160 927 sesquialtera

182 938 333 1016 portione,
363 953 451 1014 quam
474 933 533 994 duo
550 933 659 994 iaciunt
680 932 716 992 ad
732 934 788 992 tria
810 931 940 1002 conlata,
962 933 1041 1010 quod
1057 933 1159 994 hemi-

183 1020 263 1080 oiion
285 1017 441 1097 appellant.
484 1035 552 1078 cum
573 1024 670 1077 autem
687 1016 778 1077 altera
796 1016 906 1077 chorda
929 1016 1019 1094 duplo
1041 1020 1159 1078 maiore

183 1104 317 1182 pondere
337 1120 425 1183 quam
442 1099 534 1162 altera
549 1101 722 1161 tenderetur
745 1108 775 1160 et
796 1109 873 1160 esset
895 1099 1038 1179 diplasion
1055 1101 1156 1181 logne,
1174 1111 1194 1158 tt

135 1202 167 1250 10
186 1187 238 1251 διὰ
253 1188 367 1249 πατῶν
383 1185 515 1246 sonabat.
546 1185 602 1246 hoo
619 1187 691 1246 etin
708 1185 787 1246 tihiis
802 1187 826 1245 si
842 1187 1013 1246 conveniret
1029 1195 1158 1265 tempta·

186 1276 240 1342 vit,
261 1291 317 1333 nec
332 1271 409 1332 aliud
435 1271 553 1331 invenit.
591 1287 660 1331 nam
676 1277 817 1350 quattuor
833 1268 919 1330 tibias
933 1272 998 1348 pari
1013 1289 1089 1330 cavo
1105 1291 1158 1350 pa·

184 1360 272 1428 ravit,
303 1359 421 1434 inpares
442 1354 637 1433 longitudine,
668 1357 793 1431 primam
813 1353 897 1414 verbi
925 1371 1013 1415 causa
1035 1355 1158 1434 longam

185 1443 292 1521 digitos
312 1459 377 1510 sex,
410 1439 570 1501 secundam
593 1440 678 1500 tertia
702 1447 786 1517 parte
807 1438 906 1499 addita
927 1439 956 1498 id
979 1446 1024 1498 est
1048 1439 1158 1518 digito·

184 1544 250 1586 rum
280 1539 358 1594 vttt,
388 1526 504 1585 tertiam
532 1524 690 1602 digitorum
718 1536 795 1582 v1111
822 1521 958 1602 sescuplo
986 1522 1157 1602 longiorem
1173 1531 1193 1580 15

185 1627 272 1688 quam
288 1610 429 1688 primam,
446 1615 581 1687 quartam
596 1626 667 1669 vero
682 1620 734 1666 ΧΠ
750 1608 918 1686 digitorum,
935 1625 1010 1687 quae
1025 1609 1157 1686 primam

132 1705 165 1751 11
183 1693 367 1770 longitudine
396 1691 570 1770 duplicaret.
616 1692 661 1753 his
691 1694 790 1769 itaque
819 1691 927 1752 inflatis
957 1700 986 1752 et
1014 1692 1156 1755 binarum

183 1779 260 1840 iacta
276 1776 480 1838 conlocatione
495 1778 627 1838 omnium
641 1778 822 1838 musicorum
839 1775 960 1838 auribus
979 1777 1157 1855 adprobavit

184 1864 311 1944 primam
340 1868 369 1922 et
390 1861 550 1922 secundam
571 1860 697 1923 reddere
721 1880 785 1922 eam
809 1863 1043 1923 convenientiam
1064 1881 1156 1942 quam

184 1948 282 2010 reddit
302 1947 498 2008 diatessaron
515 1945 702 2025 symphonia,
724 1945 824 2024 ibique
841 1963 904 2006 esse
920 1947 1092 2024 portionem
1109 1967 1155 2009 sn·
1171 1955 1194 2002 st

183 2035 372 2113 pertertiam;
412 2033 490 2092 inter
511 2031 638 2109 primam
660 2048 729 2092 vero
757 2049 792 2091 ac
812 2031 931 2090 tertiam
953 2030 1072 2102 tibiam,
1107 2032 1157 2093 uhi

185 2116 319 2196 sescupla
347 2118 444 2195 portio
466 2121 524 2183 est,
555 2132 695 2175 resonare
717 2114 764 2174 dia
785 2121 888 2194 pente:
912 2116 1026 2191 primae
1055 2124 1155 2177 autem

185 2209 365 2281 quartaeque
391 2198 593 2269 intervallum,
624 2199 701 2278 quod
724 2198 814 2260 habet
835 2198 954 2277 duplam
974 2201 1154 2276 portionem,

134 2297 166 2344 12
186 2286 326 2346 diastema
347 2285 447 2346 iacere
475 2284 522 2345 dia
542 2300 645 2362 pason.
690 2283 742 2344 sed
769 2285 847 2344 inter
867 2282 1005 2344 tibiarum
1027 2285 1154 2346 chorda·

184 2387 311 2448 rumque
337 2377 473 2430 naturam
500 2369 557 2428 hoc
583 2370 722 2439 interest,
754 2369 832 2447 quod
854 2367 942 2430 tibiae
968 2371 1154 2431 incremento
1170 2377 1196 2425 aa

185 2556 388 2566 -0--—-·--

253 2675 278 2723 2.
304 2670 510 2738 hephaeheuhtr
529 2673 553 2721 D
577 2671 724 2737 dephendit
746 2673 772 2721 V
839 2671 936 2722 cordas
959 2672 984 2720 V
1053 2677 1078 2726 3.
1098 2674 1153 2723 dia·

184 2745 312 2792 tessarou
334 2743 363 2792 V
426 2743 450 2793 5.
469 2755 595 2806 prouqou
616 2741 651 2798 1),
674 2740 815 2804 pthongon
836 2741 864 2789 V
928 2740 1006 2804 greci
1028 2741 1065 2800 V,
1085 2757 1151 2792 corr.

183 2827 214 2860 m.
233 2825 286 2861 rec.
356 2805 498 2873 ἐπίτριτον
515 2811 587 2871 vraiqo
656 2808 680 2856 6.
701 2805 734 2857 ah
752 2807 811 2856 DV
874 2806 1066 2872 symphoniam
1088 2809 1116 2859 V

183 2878 314 2944 diapente
337 2877 365 2927 V
429 2879 453 2927 t.
470 2889 518 2926 unt
535 2877 572 2940 D,
596 2875 640 2926 *bi
658 2876 688 2937 d,
712 2874 742 2925 bi
764 2874 792 2924 V
806 2876 896 2926 addita
912 2890 930 2924 u
949 2892 965 2924 a
982 2892 1013 2926 m.
1032 2893 1087 2930 rec.

184 2945 371 3009 sesquialtera
382 2945 510 3008 Scaliger,
524 2957 727 3010 sesqutpuertta
738 2943 776 3005 D,
791 2943 965 3008 sesquipetra
981 2943 1009 2992 V
1057 2947 1082 2996 8.
1093 2961 1152 3009 pro·

184 3015 311 3079 portione
328 3016 401 3077 culpo
418 3015 460 3062 hic
477 3019 504 3061 et
519 3012 591 3074 infra
660 3009 795 3060 hemtctou
809 3011 846 3072 D,
867 3010 998 3061 emiciion
1020 3011 1054 3074 V,
1074 3010 1151 3074 ἡμιό-

185 3083 247 3133 λιον
258 3084 330 3145 cctpo
401 3081 442 3130 to.
454 3077 599 3145 htpnastou
612 3093 698 3128 cocus
711 3078 772 3136 DV,
791 3075 944 3128 cantorium
957 3076 1044 3140 λόγος
1057 3081 1151 3130 Ichana

183 3151 319 3200 secondum
337 3147 493 3212 scaligerum
563 3149 602 3195 11.
627 3146 779 3210 diapason
803 3146 830 3194 V
896 3148 937 3196 13.
960 3161 1059 3196 ueram*
1078 3147 1151 3210 (uen-

184 3231 227 3268 ata
247 3222 306 3266 unte
323 3215 388 3278 ras.)
408 3216 433 3264 D
503 3215 544 3265 18.
565 3214 723 3264 conlatione
746 3214 775 3263 V
787 3216 858 3278 vulgo
929 3213 1102 3279 ahpnocaatr
1119 3215 1149 3274 D,

183 3285 295 3337 eamd
365 3286 404 3334 19.
427 3295 518 3348 parma
541 3283 565 3332 D
634 3284 675 3332 20.
697 3279 883 3331 haareesaaon
905 3282 972 3343 DV,
996 3281 1041 3332 διὰ
1060 3281 1150 3334 τεττά-

184 3365 245 3414 ρων
267 3353 339 3414 outgo
410 3351 570 3417 srmphouta't
592 3351 617 3400 D
691 3351 733 3398 22.
756 3350 897 3414 proportio
924 3350 951 3398 V
1017 3348 1149 3416 desperare

183 3417 246 3476 DV,
265 3415 317 3532 διὰί1
326 3416 412 3469 πέντε
429 3423 500 3483 caupo
569 3419 610 3469 24.
635 3413 771 3480 διάετημα
789 3415 884 3468 faeere
902 3415 947 3467 διὰ
965 3419 1066 3468 πατῶν
1083 3421 1149 3482 culpo

254 3497 300 3532 cor
321 3485 396 3548 nrdq3
419 3486 445 3532 V
