2416 3944
101 136 106 142 '
175 174 217 238 32
485 171 618 224 meris
637 169 839 222 cannansls

176 325 270 388 beros
299 323 501 405 Graecosque
529 321 636 384 clausa
663 323 767 384 erunt.
817 320 981 404 quocirca,
1010 321 1139 388 Troiani

174 408 352 491 principes,
381 407 502 472 bonum
531 409 627 488 etque
654 405 734 470 utile
763 409 813 469 est
841 405 980 470 Graecos
1005 408 1139 492 receptis

178 491 347 573 universis,
363 512 445 575 quae
460 511 517 574 per
532 489 598 554 vim
613 492 740 554 extorta
754 494 839 574 sunt,
860 491 962 554 amice
983 495 1083 576 atque
1098 492 1139 556 nti

176 599 235 660 par
256 580 305 644 est
319 577 450 641 domum
464 574 551 640 mitti
571 594 677 657 neque
692 574 821 658 operiri,
844 574 949 658 quoad
964 575 1029 642 duo
1042 597 1139 662 regne

150 679 162 718 ⁵
177 663 262 726 inter
284 682 318 726 se
333 659 524 726 amicissima
537 679 651 724 manus
666 661 846 730 conserant
883 681 1053 744 quaecum
1068 684 1139 726 con-

175 746 295 828 sidero,
322 744 492 810 dolendam
520 743 649 808 hercule
676 743 779 808 vicem
806 747 944 808 vestram
966 750 1060 828 puto,
1089 747 1138 830 qui

174 830 301 895 innoxii
322 834 355 894 et
376 830 489 912 culpae
511 828 579 894 eius
600 827 694 892 vacui
721 828 791 892 nati
818 849 992 912 paucorum
1015 830 1138 896 libidini

174 915 272 998 paulo
301 919 375 999 post
401 914 500 978 alieni
527 913 654 978 sceleris
687 935 809 996 poenes
837 913 944 978 subire
971 916 1136 1000 cogemini.

175 1021 217 1062 en
239 1021 298 1063 vos
319 999 380 1064 soli
401 998 577 1082 ignoretis,
600 1002 637 1061 ut
657 997 789 1062 affectae
814 997 880 1062 sint
900 998 1026 1064 vicinae
1047 1003 1137 1084 atque

137 1102 162 1140 10
176 1083 296 1148 amicae
318 1083 410 1147 vobis
425 1082 580 1166 civitates,
602 1082 654 1146 vel
669 1082 802 1165 quaein
817 1081 884 1146 dies
898 1083 1035 1148 residuis
1077 1106 1137 1148 ree

175 1167 355 1251 parentur?
380 1188 456 1232 nam
472 1170 600 1250 ceptum
615 1166 812 1250 Polydorum
826 1169 923 1250 etque
945 1167 1032 1251 apud
1039 1107 1138 1234 drae-

176 1273 230 1317 cos
251 1252 385 1318 retineri
407 1251 573 1338 cognitum
589 1251 680 1316 vobis
703 1255 761 1316 est.
800 1253 865 1336 qui,
888 1252 916 1315 si
930 1251 1057 1317 Helena
1070 1275 1137 1318 cum

176 1338 318 1422 abreptis
345 1357 433 1402 nunc
461 1335 568 1400 saltim
594 1339 777 1420 revocetur,
810 1336 986 1402 inviolatus
1012 1337 1136 1402 Priamo

175 1423 302 1486 restitui
324 1422 459 1505 poterit:
482 1420 546 1486 alio
561 1424 656 1506 pecto
671 1420 792 1486 bellum
814 1419 935 1486 differri
953 1443 1023 1486 non
1036 1427 1138 1506 potest

137 1521 280 1654 effi
307 1507 382 1671 ll?
398 1505 1137 1656 llattltttllltcttltlstl

176 1674 254 1738 satis
275 1639 385 1738 idonei
406 1610 494 1756 ἓξὲξ
513 1677 651 1738 mortem
673 1674 822 1758 obierint,
844 1679 909 1758 aut,
932 1676 1020 1759 quod
1042 1677 1137 1761 magis

175 1779 268 1840 spero
291 1757 438 1841 confore,
467 1763 560 1840 capto
589 1757 651 1822 llio
679 1763 883 1842 crematoque
910 1759 981 1844 igni
1006 1761 1137 1844 posteris

178 1843 274 1906 etiam
290 1842 469 1926 exemplum
485 1842 658 1926 impietatis
674 1847 798 1908 vestrae
820 1843 1031 1928 relinquatur.
1068 1867 1138 1928 que-

139 1943 164 1982 20
176 1931 309 2024 propter
324 1926 400 1992 dum
415 1927 519 2024 adhuc
541 1948 592 1992 res
614 1928 741 2046 integra
763 1927 798 1993 in
812 1929 961 1992 manibus
975 1930 1069 1994 vobis
1085 1933 1139 2036 est,¹

176 2015 314 2076 etlam
352 2033 391 2161 ui
414 2010 713 2181 qqqqqupquqdleeth
734 2096 887 2179 loquendi
908 2096 1000 2179 fecit,
1023 2117 1137 2182 magno

176 2180 305 2245 silentio
328 2181 466 2262 cunctis,
496 2185 533 2244 ut
560 2181 595 2244 in
622 2180 680 2244 teli
706 2181 838 2266 negotio
861 2181 931 2244 fieri
953 2181 1045 2264 solet,
1068 2182 1137 2245 alie-

175 2286 252 2327 nam
274 2265 467 2328 sententiam
489 2265 747 2348 expectantibus,
778 2287 850 2329 cum
872 2287 906 2330 se
928 2266 1064 2349 quisque
1084 2266 1138 2330 mi·

137 2363 163 2403 25
175 2369 237 2410 nus
259 2347 411 2412 idoneum
426 2351 590 2412 auctorem
611 2349 762 2433 crederet,
777 2349 923 2414 Panthus
945 2350 1033 2415 clara
1049 2371 1135 2415 voce:

175 2431 281 2580 etl
290 2430 1137 2602 {litlldlssltzltllltlttttsstsstttd

176 2603 339 2664 Antenor:
353 2602 494 2685 „omnia
510 2623 591 2685 quae
606 2606 783 2668 memorata
796 2624 816 2666 a
827 2603 919 2667 vobis
933 2607 1019 2687 sunt,
1042 2603 1131 2670 scieu-

176 2688 224 2748 tes
239 2684 475 2770 prudentesque
490 2686 650 2769 patiemur
670 2708 774 2770 neque
789 2687 938 2752 voluntas
953 2685 1136 2753 consulendi

138 2784 163 2824 ³⁰
177 2769 277 2854 abest,
300 2770 328 2834 si
348 2774 491 2868 potestas
513 2769 748 2835 concederetur.
786 2771 841 2834 sed
862 2776 900 2835 ut
919 2771 1037 2837 videtis
1058 2793 1135 2836 sum-

175 2877 245 2918 mae
260 2855 307 2919 rei
322 2855 377 2920 ahi
388 2855 566 2940 potiuntur,
580 2855 695 2938 quibus
709 2853 867 2940 cupiditas
880 2857 1020 2922 utilitate
1034 2855 1135 2941 potior

176 2942 255 3002 est.“
302 2962 383 3022 quae
405 2941 462 3005 ubi
484 2939 647 3023 disseruit,
676 2961 751 3004 mox
782 2960 841 3022 per
874 2939 1021 3004 ordinem
1048 2941 1135 3005 duces

177 3042 302 3104 omncs,
337 3025 393 3106 qui
420 3025 462 3088 ob
491 3024 664 3089 amicitiam
695 3023 818 3088 Priami
852 3025 970 3108 quique
998 3023 1134 3090 mercede

177 3106 327 3170 conducti
354 3108 541 3172 auxiliarem
568 3109 743 3171 exercitum
775 3107 947 3192 duxerant,
981 3107 1134 3176 introduci

138 3203 163 3244 ³⁵
176 3190 275 3256 iubet.
320 3191 392 3276 quis
413 3191 566 3288 ingressis
588 3189 700 3256 Ulixes
721 3192 893 3256 secundam
914 3214 1047 3259 exorsus
1075 3213 1134 3258 orn-

175 3274 297 3340 tionem
318 3276 365 3341 ini
388 3276 538 3342 uissmos
558 3276 719 3360 appellare
735 3277 903 3342 universos
923 3298 1029 3362 neque
1041 3277 1134 3362 dispa-

176 3378 226 3420 res
238 3359 363 3424 Alexan
402 3361 429 3424 i:
453 3361 573 3445 quippe
593 3361 650 3444 qui
673 3385 692 3425 a
712 3362 799 3426 bono
819 3362 1020 3446 honestoque
1044 3359 1134 3446 elapsi

243 3512 260 3558 4
272 3512 393 3574 opperiri
406 3513 428 3561 G
462 3513 619 3576 8cogimini
632 3511 663 3564 θ’
698 3516 732 3564 30
746 3515 788 3564 An
797 3515 955 3564 scabendum
964 3522 1003 3566 ert
1013 3514 1133 3567 abesset?
