2414 3946
159 206 202 270 30
397 221 444 268 nra
467 219 529 268 orn
551 219 682 268 narnus
706 219 781 267 cnr.
797 219 881 266 xvn.

161 360 265 432 liores,
296 378 383 439 quam
405 367 509 439 potero
531 359 718 420 lucidissimis
738 359 816 418 notis
836 355 975 434 signaho;
1013 376 1052 418 ex
1075 377 1132 438 quo

126 455 142 503 2
162 445 249 505 etiam
271 445 386 522 primus
406 443 456 505 ille
478 451 546 504 tuus
568 443 672 504 natalis
693 443 802 521 liquido
824 449 973 503 noscetur.
1012 451 1133 521 tempus

160 537 258 590 autem
275 547 335 589 non
351 529 428 590 diem
444 527 647 589 tantummodo
662 527 708 588 rel
724 544 856 586 mensem
873 524 918 586 vel
933 542 1050 585 annum
1066 546 1133 587 ver·

159 621 271 675 tentem
294 612 426 692 appello,
449 612 500 673 sed
524 619 552 671 et
568 610 646 688 quod
668 611 787 687 quidam
803 609 929 670 lustrum
952 616 1004 670 aut
1020 628 1131 671 aunum

126 709 141 757 3
160 715 298 776 magnum
320 705 440 766 vocant,
467 704 496 756 et
516 696 594 773 quod
616 694 768 756 saeculum
788 696 951 754 nominant.
996 701 1164 756 ceterums

160 783 196 842 de
212 801 292 850 aevo,
311 781 389 860 quod
406 787 450 842 est
461 789 577 858 tempus
592 797 683 840 unum
701 787 729 840 et
744 780 913 848 maximum,
931 795 991 839 non
1006 779 1134 840 multum

161 866 299 946 estquod
315 867 344 926 in
360 866 527 945 praesentia
543 863 667 924 dicatur.
706 872 751 925 est
767 865 845 924 enim
862 865 1051 933 inmensum,
1070 867 1133 924 sine

161 951 289 1026 origine,
306 951 370 1010 sine
385 951 457 1024 line,
481 949 559 1029 quod
577 949 680 1009 eodem
697 947 786 1009 modo
803 965 921 1025 semper
936 946 993 1007 luit
1010 955 1042 1008 et
1056 967 1132 1009 sem-

160 1051 214 1112 per
237 1033 369 1094 luturum
392 1042 449 1102 est,
481 1051 578 1111 neque
603 1033 639 1093 ad
661 1049 839 1111 quemquam
859 1031 1016 1092 hominum
1042 1035 1134 1109 magis

127 1129 144 1176 4
162 1135 250 1195 quem
266 1117 302 1178 ad
318 1116 442 1178 alterum
459 1118 596 1195 pertinet.
628 1117 685 1177 hoc
707 1119 809 1177 iniria
831 1115 968 1177 dividitur
984 1122 1132 1196 tempora.
1151 1127 1174 1173 to

161 1203 372 1281 praeteritum,
400 1219 558 1279 praesens,
580 1202 723 1263 futurum.
760 1219 776 1262 e
804 1200 910 1280 quibus
936 1203 1134 1279 praeteritum

162 1288 243 1348 initio
259 1293 348 1356 caret,
366 1288 444 1348 exitu
461 1286 602 1356 futurum,
618 1303 761 1364 praesens
776 1293 884 1354 autem,
901 1285 982 1364 quod
999 1287 1131 1347 medium

162 1381 223 1443 esi,
240 1372 315 1432 adeo
331 1373 470 1450 exiguum
487 1379 516 1430 et
530 1369 821 1447 inconprehensibile
837 1377 890 1439 est,
907 1375 940 1429 ut
954 1368 1073 1431 nullam
1088 1388 1134 1430 re·

161 1457 250 1535 cipiet
265 1454 478 1533 longitudinem
494 1473 592 1535 neque
609 1454 687 1516 aliud
704 1471 768 1514 esse
783 1454 915 1514 videatur
931 1471 1022 1532 quarn
1039 1461 1135 1515 trans·

135 1545 138 1551 '
161 1541 217 1601 acti
232 1541 382 1618 luturique
398 1541 581 1609 coniunctio,
605 1539 678 1600 adeo
693 1556 784 1616 porro
799 1536 949 1607 instabile,
973 1545 1006 1598 ut
1021 1538 1135 1600 ibidem
1152 1548 1176 1598 15

162 1625 199 1686 sit
213 1641 389 1703 numquam,
411 1633 441 1684 et
456 1624 596 1702 quidquid
612 1624 819 1684 transcurrite
836 1623 936 1708 lutqro
952 1622 1093 1702 decerpit
1104 1635 1136 1685 et

128 1720 143 1769 ὅ
162 1708 283 1787 adponit
303 1709 472 1787 praeterito.
517 1708 591 1769 haec
610 1710 689 1768 inter
709 1727 741 1768 se
762 1714 911 1786 tempora,
943 1715 1012 1767 ante
1034 1717 1136 1770 actum

161 1794 229 1854 dico
246 1800 274 1854 et
289 1801 460 1861 venturum,
487 1809 584 1871 neque
600 1793 681 1870 paria
697 1800 766 1853 sunt
781 1810 876 1871 neque
896 1793 935 1851 ita
956 1797 990 1851 ut
1005 1791 1135 1854 alterum

162 1877 256 1939 altero
282 1877 398 1956 longius
424 1877 578 1938 breviusve
604 1877 751 1938 videatur:
790 1877 932 1957 quidquid
960 1875 1044 1936 enim
1072 1895 1134 1938 non

128 1963 251 2024 chabol
271 1963 374 2032 linem,
406 1961 604 2023 conlationem
631 1979 788 2023 mensurae
815 1979 874 2022 non
894 1961 1008 2038 recipit.
1059 1981 1133 2041 qua·
1150 1971 1177 2020 eo

161 2057 284 2128 propter
306 2066 409 2109 aevum
432 2065 528 2125 neque
550 2065 696 2107 annorum
718 2065 773 2106 nec
794 2045 981 2106 saeculorum
1003 2063 1134 2107 numero

162 2151 217 2192 nec
239 2134 365 2210 denique
387 2131 447 2192 ullo
463 2133 538 2191 liniti
560 2134 700 2208 temporis
721 2130 841 2192 modulo
857 2131 955 2191 metiri
978 2130 1133 2192 conabor:

161 2218 235 2277 haec
258 2220 338 2278 enim
354 2216 389 2276 ad
406 2223 532 2277 aetatem
553 2216 694 2277 infinitam
716 2231 775 2275 non
792 2221 860 2276 sunt
875 2213 1018 2276 brumalis
1041 2217 1134 2276 unius

161 2302 253 2361 instar
267 2301 369 2362 horae.

129 2395 143 2443 ι
226 2386 326 2467 ltaque
347 2392 381 2445 ut
400 2385 516 2446 saecula
537 2386 647 2464 possim
669 2402 846 2464 percurrere
869 2391 898 2444 el
917 2384 974 2444 hoc
990 2391 1132 2445 nostrum
1150 2393 1176 2443 nt

162 2487 303 2546 praesens
329 2469 498 2546 designare,
530 2471 647 2530 omissis
667 2471 765 2530 aureis
791 2468 998 2546 argenteisque
1019 2475 1051 2527 et
1072 2469 1133 2530 hoc

162 2543 255 2629 gemis
277 2555 415 2633 poeticis,
438 2573 453 2614 a
476 2555 596 2615 conditu
617 2553 699 2614 urbis
720 2553 847 2622 Romae,
872 2553 985 2630 patriae
1006 2560 1132 2614 nostrae

110 2641 145 2702 17
163 2640 343 2708 communis,
375 2638 528 2708 exordiar,
560 2649 589 2700 et
611 2640 751 2717 quonlam
773 2636 890 2697 saecula
911 2645 961 2697 aut
980 2637 1131 2698 naturalia

162 2729 231 2783 sunt
246 2730 296 2782 aut
312 2721 421 2793 civilia,
438 2724 521 2802 prius
536 2723 573 2784 de
590 2721 773 2783 naturalibus
788 2723 892 2782 dicam.

127 2817 143 2865 2
226 2807 382 2869 Saeculum
409 2815 453 2868 eet
487 2807 613 2886 spatium
640 2808 714 2867 vitae
741 2807 888 2867 humanae
920 2803 1130 2884 longissimum
1148 2814 1174 2864 ει

228 3030 253 3078 4.
273 3033 322 3078 ant
339 3042 423 3077 unum
441 3028 515 3076 ennii
538 3026 566 3075 V
625 3028 649 3077 ὅ.
669 3027 791 3076 seculum
813 3026 840 3075 V
896 3027 919 3076 7.
939 3027 1086 3088 presentia
1108 3026 1136 3074 V

162 3101 201 3148 10.
222 3109 302 3161 quam
322 3095 490 3146 adunneeum
509 3096 546 3156 D,
567 3109 650 3158 quam
669 3092 704 3142 ad
722 3093 878 3144 adulterum
896 3095 914 3142 d
984 3093 1024 3142 11,
1046 3109 1062 3142 e
1083 3109 1130 3145 om.

160 3165 219 3214 DV
284 3166 324 3217 te.
347 3176 458 3214 surrento
482 3163 607 3224 (tutntrro
631 3168 690 3212 ante
711 3161 781 3228 ras.)
808 3162 832 3210 D
902 3171 1009 3210 extruat
1033 3161 1059 3208 D

162 3235 201 3284 13.
229 3231 530 3297 inconpeaeheususme
554 3230 591 3289 D,
622 3228 856 3293 inconprenribile
885 3230 910 3278 V
978 3228 1018 3276 16.
1048 3230 1130 3292 quic-

162 3299 225 3363 quid
254 3300 283 3349 V
347 3305 375 3349 el
399 3298 513 3362 adponit
534 3299 687 3362 praeterito
709 3312 755 3349 om.
783 3297 807 3346 V
876 3297 916 3348 18.
940 3291 1037 3360 paria]
1065 3309 1130 3360 pro·

160 3367 222 3430 pria
244 3366 270 3414 V
338 3369 378 3418 19.
397 3365 528 3442 quiequid
550 3365 576 3414 V
642 3367 684 3417 26.
703 3363 853 3430 desrqnase
872 3361 915 3427 (de
934 3379 970 3413 ece
987 3361 1025 3427 δι)
1044 3364 1072 3411 I]

161 3433 202 3481 28.
223 3431 436 3492 exosorensslet
456 3445 497 3495 qm
518 3431 563 3494 (el
580 3434 652 3482 initio
670 3447 758 3482 versus
775 3434 862 3483 adeor.
880 3449 911 3481 m.
932 3429 965 3496 2)
985 3431 1022 3493 D,
1046 3446 1128 3481 exor-

162 3497 298 3559 dierlDE
318 3497 492 3548 SAEOVLIS
515 3500 542 3548 V
556 3501 653 3550 omissis
672 3504 699 3549 el
717 3501 846 3564 quoniam
865 3527 896 3535 —-
916 3498 1007 3548 dicam
