2414 3946
188 180 230 246 22
433 195 482 242 ns
505 195 566 240 mu
588 194 720 241 utrum
743 193 818 240 cnr.
836 192 909 240 xur.

190 352 246 394 nec
272 332 382 394 tibicen
410 332 549 394 omnibus
572 332 836 414 supplicationibus
863 335 892 393 in
919 333 1013 392 sacris
1043 332 1167 394 aedibus

191 417 399 488 adhiberetur,
423 436 481 478 non
498 435 565 479 cum
582 417 701 478 tibicine
716 419 802 479 blarti
822 417 991 495 triumphus
1013 427 1166 494 ageretur,

191 521 251 562 non
266 502 395 581 Apollini
410 503 537 571 cithara,
562 520 620 562 uon
636 502 726 562 lllusis
741 503 834 562 tibiae
849 511 1009 576 ceteraque
1025 499 1057 558 id
1074 515 1166 577 genus

191 597 291 649 essent
311 586 476 660 adtributa,
500 604 560 645 non
580 583 765 652 tibicinibus
789 601 844 662 per
866 600 941 661 quos
955 585 1085 644 numina
1109 583 1165 662 pla·

191 679 316 742 cantur,
333 678 411 731 esset
426 670 602 748 permissum
619 675 670 730 aut
684 667 771 728 ludos
786 667 904 746 publice
919 667 1021 728 lacere
1039 687 1076 728 ac
1092 669 1188 728 vescit

190 757 221 815 in
237 755 395 834 Capitolio,
425 761 476 814 aut
491 753 725 831 Quinquatribus
740 751 927 822 minusculis,
952 751 981 812 id
998 761 1048 812 est
1070 753 1165 814 idibus

193 839 292 910 Iuniis,
308 839 414 900 urbem
430 840 535 899 vestitu
552 855 612 915 quo
629 836 735 899 vellent
751 839 917 916 personatis
933 835 1164 918 temulentisque

159 939 175 987 3
194 927 358 1001 pervagari.
403 923 557 983 hominum
579 941 699 1001 quoque
721 929 836 982 mentes
856 929 886 981 et
906 925 1008 1000 ipsae,
1031 925 1164 1000 quamvis

191 1009 320 1085 Epicuro
348 1007 544 1076 reclamante,
576 1007 690 1068 divinae
711 1025 794 1066 suam
815 1014 951 1067 naturam
980 1016 1165 1084 percautus

191 1099 365 1168 agnoscunt.
412 1091 539 1168 denique
561 1109 619 1170 quo
643 1091 756 1151 facilius
778 1091 921 1152 sufferant
941 1089 1097 1162 laborem,
1125 1090 1164 1152 vel
1178 1101 1200 1148 n

191 1177 220 1236 in
236 1177 317 1235 navis
332 1181 430 1236 meatu
446 1193 461 1235 a
477 1185 595 1236 rectore
610 1175 782 1256 symphonia
799 1175 970 1236 adhibetur:
995 1175 1164 1252 legionibus

192 1277 310 1340 quoque
330 1262 362 1320 in
383 1261 447 1321 acie
469 1259 677 1322 dimicantibus
698 1261 784 1321 etiam
800 1268 897 1321 metus
913 1263 1018 1318 mortis
1039 1260 1163 1322 classico

157 1343 360 1423 tdepellitur.
406 1344 444 1405 ob
465 1362 553 1422 quam
580 1362 644 1405 rem
665 1344 862 1422 Pythagoras,
894 1351 926 1404 ul
951 1347 1088 1405 animum
1115 1363 1163 1406 sua

195 1447 313 1508 semper
329 1430 478 1490 divinitate
493 1428 649 1500 imbueret,
667 1431 749 1507 prius
764 1445 851 1505 quam
864 1447 896 1490 se
912 1446 1017 1488 somno
1033 1429 1125 1491 daret
1139 1438 1165 1490 et

193 1531 260 1573 cum
278 1522 355 1574 esset
370 1516 555 1592 expergitus,
577 1513 687 1573 cithara
705 1521 738 1574 ut
753 1513 851 1577 lerunt
866 1520 985 1574 cantare
1001 1521 1198 1576 consuere-15

194 1604 255 1667 rat,
273 1606 302 1656 et
316 1597 504 1675 Asclepiades
519 1599 651 1659 medicus
665 1598 909 1676 phreneticorum
925 1605 1041 1658 ruentes
1059 1599 1164 1660 morbo

194 1679 328 1742 turbatas
354 1698 443 1758 saepe
469 1700 524 1760 per
551 1682 744 1761 symphorian
774 1701 845 1743 suae
873 1689 996 1742 naturae
1023 1684 1164 1745 reddidit.

193 1765 374 1843 Herophilus
390 1775 505 1837 autem,
522 1770 594 1826 artis
609 1766 740 1828 eiusdem
756 1766 922 1845 professor,
941 1784 1085 1828 venarum
1102 1768 1165 1848 pul·

160 1870 176 1920 5
194 1867 244 1912 sus
259 1850 405 1930 rhythmis
422 1853 540 1912 musicis
562 1852 601 1913 ait
617 1853 738 1912 moveri.
775 1853 873 1930 itaque
890 1854 959 1911 siet
981 1853 1009 1911 in
1027 1856 1165 1931 corporis

194 1943 224 1996 et
244 1937 273 1996 iu
295 1937 385 1996 animi
401 1944 481 1996 motu
498 1942 543 1997 est
556 1935 726 2006 harmonia,
753 1934 857 2014 procul
874 1936 962 1996 dubio
984 1954 999 1995 a
1015 1937 1165 1998 natalibus
1179 1945 1200 1994 tl

193 2023 303 2082 nostris
319 2021 429 2082 musica
445 2038 505 2080 non
521 2026 565 2082 ost
580 2020 684 2081 aliena.

143 2118 179 2178 13
259 2106 302 2166 Ad
319 2105 393 2166 haec
408 2106 521 2166 accedit
537 2105 614 2184 quod
631 2104 813 2184 Pythagoras
828 2105 956 2182 prodidit
971 2104 1051 2164 hunc
1068 2111 1165 2166 totum

196 2190 339 2250 mundum
360 2192 471 2252 musica
492 2189 603 2250 lactum
619 2191 752 2258 ratione,
776 2197 949 2268 septemque
964 2187 1065 2249 stellas
1086 2192 1165 2250 inter

196 2273 309 2332 caelum
332 2282 360 2334 et
375 2282 485 2334 terram
501 2291 603 2350 vagas,
635 2292 710 2352 quae
726 2272 893 2335 mortalium
916 2291 1040 2350 geneses
1060 2275 1164 2336 mode·

197 2365 318 2426 rantur,
349 2366 461 2418 motum
481 2359 593 2420 habere
614 2360 791 2438 enrytlrmon
818 2365 845 2418 et
867 2356 1020 2418 intervalla
1041 2361 1186 2420 musicis

198 2441 378 2502 diastematis
400 2461 546 2522 congrua,
578 2445 751 2521 sonitusque
771 2444 868 2504 varios
889 2442 1016 2503 reddere
1037 2460 1097 2520 pro
1113 2461 1165 2504 sua

194 2587 396 2595 —————-

260 2663 284 2710 2.
304 2677 365 2710 cum
384 2677 430 2716 om.
448 2663 473 2712 V
541 2660 638 2726 Marti]
655 2677 708 2711 aur
726 2663 759 2724 D,
780 2677 826 2712 om.
844 2664 876 2728 V,
897 2667 945 2712 sut
962 2661 1090 2714 tubicine
1105 2664 1165 2714 Iob·

193 2743 252 2791 nuo,
278 2730 369 2779 avitus
387 2731 520 2780 Prellerus
538 2731 609 2780 Rd'm.
630 2729 737 2793 Mpthol.
754 2746 782 2794 p.
801 2733 867 2788 31o‚·
888 2731 947 2780 mitt
964 2731 990 2778 in
1008 2745 1063 2779 aur
1083 2735 1165 2782 latere

193 2800 269 2848 othum
288 2809 390 2860 maeri,
422 2799 533 2864 quodie
550 2798 607 2847 DV
626 2799 739 2847 additum
758 2805 819 2861 post
842 2811 999 2863 aceneres,
1029 2799 1081 2848 sed
1097 2801 1165 2848 inl)

191 2881 271 2930 super
288 2881 386 2916 uersum
454 2869 479 2916 3.
499 2865 635 2930 appollini
657 2865 683 2913 V
737 2865 898 2914 obirasci)
965 2867 990 2915 4.
1010 2868 1166 2917 ursicinibus

194 2933 315 2994 (ciuibus
334 2935 353 2983 d
369 2935 395 2982 ie
413 2932 479 2998 rao.)
498 2934 522 2982 D
580 2947 649 2998 quos
667 2933 729 2995 DV,
749 2931 822 2996 quod
840 2935 859 2983 d
926 2934 953 2982 6.
971 2935 1165 2998 capreus-,1012

192 2999 255 3064 quib
267 3015 403 3066 parisinus
417 3012 503 3051 miuus
517 3015 612 3051 ocutis
629 3000 685 3049 DV
752 3002 776 3050 7.
795 3015 882 3050 usses
901 3001 958 3050 DV
1006 3003 1165 3052 uesrtroD

191 3070 216 3118 9.
237 3083 351 3133 epicoso
369 3069 393 3117 D
464 3071 503 3118 10.
523 3067 624 3118 deilius
646 3069 677 3129 V,
698 3083 767 3120 corr.
780 3085 810 3118 m.
826 3084 879 3122 reo.
949 3070 990 3118 11.
1010 3073 1111 3120 meatu
1127 3071 1167 3120 uel

191 3141 298 3186 metatu
319 3139 361 3185 uel
385 3139 461 3184 motu
478 3137 611 3186 Pontianus
635 3137 671 3185 ad
688 3135 807 3187 Moerod.
829 3139 855 3185 in
879 3152 957 3187 somn.
973 3135 1050 3200 θεῷ.
1069 3137 1119 3201 II,
1139 3140 1163 3197 3,

192 3203 342 3253 meruDV
389 3204 577 3252 uecroeeDV
628 3206 669 3253 13,
701 3203 891 3269 hytagoresV
941 3205 981 3256 15.
992 3205 1163 3266 erchanolt,

192 3271 308 3333 cythera
330 3270 358 3319 V
424 3272 464 3324 16.
484 3219 699 3335 oscteptaba'elJ

192 3350 408 3388 useuertcosum
427 3340 484 3388 DV
540 3340 590 3388 ·18.
613 3339 775 3405 tesophtcus
793 3340 846 3389 DV
898 3351 994 3389 aurem
1014 3351 1122 3392 moeris
1140 3342 1164 3389 Ι)

192 3406 232 3454 19.
253 3405 376 3454 srrhtnts
395 3407 453 3454 DV
517 3409 557 3456 20.
580 3407 609 3454 in
627 3421 674 3456 om.
698 3408 724 3456 V
739 3410 811 3472 volgo
872 3409 952 3456 suomi
969 3407 1017 3470 (mi
1029 3410 1085 3458 din
1097 3407 1162 3470 ras.)

191 3470 217 3516 D
286 3471 409 3520 armonia
430 3474 459 3523 V
523 3475 565 3525 22.
585 3471 697 3523 scoebtr
715 3475 754 3538 D,
774 3471 877 3523 accidit
894 3473 948 3523 dV

689 3273 736 3322 iin
748 3287 803 3322 ras.
819 3289 870 3336 pro
889 3288 916 3334 e,
934 3279 962 3320 ut
973 3269 1086 3336 videtur)
1107 3275 1132 3322 D
