2424 3938
153 201 198 264 44
469 195 640 254 ’ΒΑΒΕΤΙΒ
659 197 811 254 PHRYGII

153 346 294 432 Argivos
322 344 468 409 devastat
495 347 528 407 et
554 343 588 408 in
614 345 734 408 bellum
757 347 918 427 provocat.
964 342 1141 428 Agamem-

153 457 221 500 non
233 439 283 498 'ex
306 432 440 499 consilio
459 435 565 496 casua
586 433 693 497 munit
711 435 882 516 tueturque
905 435 939 495 et
961 432 997 496 in
1020 433 1141 498 bellum

153 543 220 589 non
242 522 363 607 prodit,
389 542 491 606 usque
518 519 594 584 dum
617 519 784 585 Menelaus
806 520 923 584 veniat.
972 519 1141 585 Menelaus

155 612 195 676 ad
228 610 361 695 Scyrum
392 609 493 693 uenit,
530 631 620 674 erma
656 608 793 674 Achillis
824 607 1043 692 Neoptolemo
1075 609 1142 673 filio

127 700 223 764 seius
255 699 368 781 tradit,
401 719 482 782 quae
515 719 588 762 cum
617 698 820 782 sumpsisset,
848 699 932 762 uertit
957 703 988 762 et
1014 699 1052 762 tn
1080 697 1141 760 Ar·

155 788 301 873 givorum
334 785 447 852 castris
483 785 689 851 vehementer
724 787 809 851 circa
843 786 945 868 patris
978 786 1140 850 tumulum
1194 815 1195 832 ¹

154 877 348 941 lamentatus
376 878 433 940 est.
482 873 687 939 Penthesilea
713 895 752 939 ex
780 874 1012 939 consuetudine
1040 875 1140 939 eciem

154 965 286 1030 instruit
299 967 333 1028 et
349 983 451 1047 usque
465 962 507 1027 ad
524 961 719 1047 Argivorum
734 967 839 1027 castra
851 963 969 1046 prodit.
996 961 1031 1026 N
1032 966 1139 1046 copto-

154 1053 256 1117 lemus
270 1051 509 1136 Myrmidonum
523 1051 674 1135 princeps
688 1055 800 1116 contra
814 1051 915 1116 aciem
930 1039 1033 1135 ducit',
1054 1051 1139 1136 Age-

115 1160 140 1198 10
154 1159 307 1205 memnon
320 1140 495 1204 exercitum
511 1140 652 1204 instruit.
687 1140 809 1224 pariter
826 1139 922 1204 ambo
936 1143 1140 1204 concurrunt.

155 1227 387 1313 Neoptolemus
415 1232 557 1314 stragem
585 1227 672 1293 facit.
718 1227 855 1292 occurrit
876 1226 1085 1292 Penthesilea
1108 1231 1140 1291 et

153 1318 280 1382 fortiter
302 1318 337 1382 in
359 1317 481 1401 proelio
508 1319 667 1402 uersatur,
694 1316 821 1402 utrique
844 1337 902 1400 per
924 1317 1051 1401 aliquot
1074 1317 1139 1380 dies

153 1407 269 1471 acriter
309 1409 547 1490 pugnaverim,
587 1406 764 1486 multosque
800 1403 995 1470 occiderunt.
1060 1404 1137 1469 Pen-

153 1495 289 1566 thesilea
319 1492 569 1577 Neoptolemum
601 1494 737 1558 sauciat:
773 1493 827 1557 ille
865 1494 975 1558 dolore
1008 1496 1138 1576 accepte
1195 1554 1196 1557 ,

114 1599 140 1640 15
154 1581 390 1648 Amazonidum
413 1582 586 1647 ductricem
611 1581 849 1646 Penthesileam
873 1581 1058 1646 obtruncat.
1102 1602 1138 1644 eo
1194 1643 1195 1648 ,

153 1672 239 1736 facto
270 1675 376 1735 totum
409 1671 583 1735 exercitum
615 1669 829 1735 Troianorum
860 1671 894 1734 in
921 1671 1036 1754 fugam
1068 1691 1136 1734 eon-

153 1759 263 1843 vertit,
285 1759 320 1824 in
338 1758 451 1824 urbem
473 1759 550 1823 victi
572 1758 750 1844 refugiunt,
772 1758 887 1844 Argiui
906 1780 980 1823 cum
999 1759 1136 1822 exercitu

153 1869 280 1912 murum
295 1847 507 1932 circumdant,
521 1852 559 1912 ut
571 1847 658 1911 foras
672 1847 803 1912 Troiani
818 1848 902 1911 exire
915 1868 985 1911 non
997 1850 1137 1930 possent.

241 1935 407 2002 XXXVII.
441 1935 515 2000 ‘Hoc
537 1937 709 2020 postquam
731 1935 864 2000 Troiani
885 1935 1051 2019 viderumt,
1073 1933 1136 1998 An-

113 2043 139 2082 20
152 2029 247 2090 tenor
265 2024 459 2110 Polydamas
477 2024 604 2089 Aeneas
623 2025 663 2088 ad
681 2023 846 2088 Priamum
865 2023 1014 2112 ueniunt,
1039 2025 1138 2108 agunt

154 2135 226 2178 cum
254 2134 307 2198 eo,
334 2117 371 2177 ut
398 2113 566 2178 consilium
594 2118 730 2178 convocet
760 2116 792 2176 et
819 2112 973 2177 deliberet
1000 2112 1137 2198 quidde

152 2202 293 2266 fortunis
318 2203 384 2268 suis
411 2202 555 2289 futurum
584 2201 634 2266 sit
685 2200 833 2266 Priamus
865 2201 1036 2266 consilium
1065 2221 1138 2264 con·

225 2470 240 2519 3
260 2465 358 2520 ueniat
376 2464 519 2519 menelaus
539 2462 564 2518 θ
581 2466 585 2530 Ι
600 2463 745 2518 Menelaus
755 2464 1064 2535 -rehementerlcum
1076 2481 1140 2520 nec-

153 2535 285 2606 ptolemo.
322 2535 524 2605 Neoptolemus
547 2537 580 2588 ut
602 2533 720 2589 aduenit
742 2550 820 2588 arma
842 2535 931 2604 patris
954 2535 998 2589 sui
1022 2536 1138 2606 aceepit.

154 2605 399 2662 Lamenteturtt.
440 2605 508 2660 4ad
523 2603 626 2660 scirum
639 2605 666 2658 L
734 2605 842 2660 evenit
856 2607 885 2661 et
902 2605 932 2659 in
951 2606 1052 2660 addidi
1124 2611 1138 2660 1

153 2677 325 2732 lamentatus
349 2679 392 2732 est
419 2691 469 2730 om.
496 2675 521 2730 G
549 2677 613 2730 add.
644 2675 765 2732 clamore
788 2691 890 2746 magno
910 2675 915 2744 Ι
935 2675 1037 2748 aciem]
1060 2694 1138 2746 proe-

153 2749 223 2803 lium
241 2748 269 2802 L
340 2754 357 2803 8
375 2751 405 2802 et
427 2763 477 2802 cm.
496 2745 523 2801 G
541 2747 607 2800 odd.
615 2746 746 2816 producit
761 2749 765 2816 1
782 2747 818 2802 ad
837 2763 886 2801 cm.
905 2747 932 2800 L
947 2749 951 2814 Ι
968 2751 1063 2802 castra
1081 2765 1138 2818 arg.

82 2861 84 2864 ι
154 2819 179 2876 G
215 2819 293 2890 prod.
322 2821 415 2888 neopt.
444 2817 531 2887 princ.
557 2815 740 2872 mirmidonas
772 2819 870 2872 contra
900 2816 996 2872 educit
1024 2817 1051 2874 G
1079 2821 1137 2888 (cm.

153 2891 252 2961 aciem)
327 2897 367 2946 10·
384 2888 522 2944 construit
544 2887 571 2941 L
591 2890 595 2956 Ι
615 2889 723 2958 pariter
743 2889 820 2956 libri,
840 2887 941 2944 acriter
959 2889 1023 2943 edit.
1046 2889 1137 2945 Venet.

155 2969 222 3017 1499
247 2962 251 3032 l
272 2961 355 3016 ambo
378 2962 548 3016 concurrunt
569 2975 619 3014 om.
638 2959 665 3013 L
738 2966 769 3013 11
795 2958 863 3013 fecit
880 2959 907 3012 L
927 2961 931 3027 Ι
950 2961 1059 3028 pentes.
1084 2977 1137 3016 occ.

152 3032 217 3087 fort.
246 3032 401 3088 comminus
430 3030 511 3086 stetit
539 3029 565 3084 θ
650 3036 682 3084 12
710 3029 833 3100 utrique]
854 3029 907 3084 diu
934 3033 963 3084 et
992 3030 1019 3085 G
1107 3037 1138 3091 13
1195 3032 1196 3035 ’

153 3103 267 3174 acriter]
288 3103 371 3158 ambo
389 3101 610 3170 almumque
628 3101 741 3170 utrique
754 3102 782 3155 A
817 3100 922 3155 multos
940 3101 1054 3170 utrique
1073 3101 1138 3168 LG,

152 3180 275 3229 uestrum
298 3191 313 3229 e
336 3175 493 3229 contectum
575 3178 608 3226 15
634 3173 807 3226 Amazonum
831 3171 857 3226 θ
877 3174 880 3239 Ι
901 3171 1005 3226 occidit
1032 3175 1065 3228 ut
1092 3173 1137 3227 olr

152 3247 265 3300 truncat
284 3245 332 3300 θ’
383 3251 415 3300 16
438 3245 469 3299 in
491 3243 589 3314 fugam
612 3242 752 3299 conuertit
773 3242 803 3296 in
825 3242 924 3298 urbem
941 3241 1013 3297 uicti
1031 3243 1081 3297 uix
1098 3259 1136 3297 re·

152 3314 267 3384 fugiunt
290 3315 316 3369 θ
355 3314 386 3368 in
409 3315 507 3368 urbem
531 3313 635 3368 conicit
656 3314 687 3367 in
709 3313 807 3367 urbem
828 3313 877 3367 uix
899 3313 1006 3384 refugit
1031 3315 1070 3368 M
1108 3315 1137 3367 in

152 3383 251 3436 urbem
269 3383 374 3438 conicit
391 3385 439 3438 uix
457 3383 563 3454 refugit
576 3384 602 3436 L
675 3389 708 3439 18
726 3383 837 3452 possint
849 3382 876 3436 L
947 3389 982 3438 20
1000 3383 1136 3438 uenerunt

153 3449 181 3502 G
252 3457 285 3503 21
301 3455 421 3518 querant
435 3455 503 3508 etL
539 3453 650 3521 quaerit
665 3453 703 3506 M
737 3454 821 3523 cogat
835 3452 874 3520 G,
890 3455 990 3522 scripsi
1003 3454 1135 3509 convocet

155 3521 184 3570 et
199 3518 203 3586 Ι
220 3519 254 3571 de
272 3519 337 3574 fort.
353 3539 379 3588 q.
398 3523 417 3576 f.
438 3523 475 3576 sit
494 3522 631 3578 deliberet
650 3523 675 3577 G
691 3525 696 3591 Ι
712 3523 769 3578 suis
789 3525 852 3578 add.
873 3525 1033 3578 Mercerius.
