2414 3946
123 227 182 274 xlv
488 199 738 258 PRAEFATIO.

123 346 315 432 χρήσαντος.
351 343 410 412 τὸν
449 343 485 412 δὲ
522 341 796 430 αὐτομολήσαντα
832 341 891 412 ὑπ’
929 342 1117 426 Ὀδυσσέως

123 433 374 520 ἀναιρεθῆνα151

211 525 273 590 Η1ο
300 525 400 609 igitur
428 523 516 588 addit
538 521 691 588 Daretem
714 524 754 588 ad
778 521 919 589 Graecos
943 528 1117 592 transiisse

124 619 156 680 et
179 616 220 680 ab
235 613 330 679 Ulixe
352 612 555 678 interfectum
578 633 655 692 esse,
679 633 752 676 cum
774 612 808 675 in
832 618 948 678 nostro
973 636 1072 698 opere
1087 637 1118 698 p.

124 705 181 786 52,
208 705 229 768 4
258 705 424 768 narratum
452 701 495 764 sit
523 722 595 764 eum
623 699 738 764 Troiae
762 723 835 764 cum
858 702 1039 768 Antenoris
1067 703 1115 767 fa-

124 794 229 858 ctione
236 792 440 856 remansisse·
450 787 602 852 Daretem
611 791 718 852 autem
729 793 892 854 auctorem
906 790 1023 892 Iliadis
1041 797 1117 855 ante

123 879 301 944 Homerum
324 880 460 962 scriptae
475 877 619 942 fuisse
587 877 739 940 mmirum
753 879 906 962 quoniam
920 879 986 963 ipsi
1000 902 1117 981 parum

124 969 329 1052 probabatur,
353 988 392 1032 ex
414 965 525 1032 eodem
547 965 637 1030 fonte
650 965 755 1030 noluit
777 970 932 1057 repetere
937 967 1063 1032 sedl
1022 970 1063 1032 sil
1064 991 1117 1032 en·

124 1058 170 1121 tio
193 1056 368 1140 praeteriit.

213 1143 358 1208 Tertium
372 1146 421 1208 est
433 1142 655 1208 testimonium
669 1140 884 1228 Aeliani(a
902 1145 1013 1226 1701).
1029 1142 1115 1228 (ihr.)

124 1233 163 1297 V
186 1231 227 1298 H
250 1231 349 1298 1112.
380 1255 451 1314 ,,οτι
481 1254 525 1294 αν
554 1223 781 1313 ’θροιβαντίον
818 1233 1020 1314 Τροιζηνίου
1054 1235 1112 1340 tipo

125 1318 188 1406 πρὸ
208 1317 361 1406 Ὁμήρου,
383 1316 428 1394 cte
450 1335 554 1424 φασιν
578 1319 613 1382 ol
638 1314 827 1428 Τροιζρνιοι
850 1316 947 1430 λόγον
971 1317 1085 1384 καὶ
1052 1344 1113 1386 τον

129 1407 245 1516 Φρύγα
270 1405 306 1472 δὲ
330 1405 478 1518 Δάρητα,
503 1431 544 1470 ov
530 1394 717 1514 Φρυγίαν
751 1403 914 1472 Ιλιάὸα’
895 1431 942 1470 ετι
968 1407 1025 1472 καὶ
1051 1410 1115 1474 νῦν

126 1493 384 1580 ἆτοσωζομένην
399 1491 484 1578 οῖδα,
506 1489 570 1578 πρὸ
581 1489 726 1576 Όμηρον
739 1493 795 1558 καὶ
809 1496 931 1560 τοῦτον
952 1496 1114 1578 γενέσθαι

125 1584 310 1667 le'yovccvf‘
355 1582 440 1650 Satis
454 1583 668 1648 infinitasunt
690 1604 728 1646 ea
750 1584 848 1648 verba
871 1585 989 1668 quibus
1013 1588 1116 1650 utitur

125 1675 281 1738 Aelianus
315 1666 571 1755 ἀποσωζομένην
604 1666 696 1754 οἶδα,
741 1671 843 1736 unde
858 1673 1008 1737 concludi
1050 1697 1117 1740 non

98 1807 102 1814 -
125 1765 233 1845 potest
255 1782 329 1826 eum
351 1760 435 1826 hanc
457 1759 591 1824 Iliadem
614 1759 731 1824 vidisse
759 1782 856 1843 quam
883 1763 953 1844 ipse
978 1761 1115 1848 Phrygi-

124 1873 194 1916 cam
217 1847 299 1936 (non
322 1847 490 1932 Graecam)
514 1848 615 1912 fuisse
637 1847 721 1912 dicit.

212 1939 312 2004 Plane
321 1937 490 2004 aliudtt
418 1941 467 2002 est
475 1941 540 2002 ttes
540 1936 696 2001 imonium
709 1934 853 2001 Isidori
867 1935 907 2023 (a.
919 1938 1116 2024 570—640)

124 2029 274 2113 Origines
298 2026 386 2110 Ι,
345 2028 386 2090 4
394 2051 402 2092 :
428 2026 617 2110 „historiam
639 2025 761 2107 primus
786 2025 870 2108 apud
899 2047 960 2090 nos
985 2026 1115 2111 Moyses
1192 2105 1193 2110 γ

125 2116 366 2199 ...conscripsIt3
382 2114 466 2198 apud
477 2114 612 2198 gentiles
622 2134 698 2178 vero
708 2114 829 2197 primus
841 2113 942 2178 Dares
953 2113 1118 2201 Phrygius
1192 2125 1193 2144 1

125 2205 162 2268 de
178 2203 308 2268 Graecis
332 2207 365 2267 et
378 2202 526 2267 Troianis
548 2202 718 2266 historiam
732 2202 839 2284 edidit,
865 2224 964 2286 quam
979 2204 1015 2268 in
1030 2205 1116 2268 foliis

123 2294 302 2376 palmarum
318 2292 358 2356 ab
373 2313 411 2355 eo
426 2291 641 2374 conscriptam
655 2311 725 2354 esse
738 2290 853 2354 ferunt.
870 2294 946 2373 post
959 2289 1117 2358 Daretem

125 2389 234 2444 autem
256 2381 292 2443 in
314 2377 448 2444 Graecia
470 2377 655 2444 Herodotus
678 2379 800 2462 primns
833 2377 1117 2464 historiographus

124 2469 255 2532 habitus
279 2469 355 2532 est.“
1191 2517 1192 2544 ρ

235 2554 297 2620 Hic
320 2557 406 2622 enim
429 2555 467 2620 de
481 2553 599 2620 Dareta
622 2577 729 2620 rerum
744 2555 907 2638 scriptore,
930 2577 997 2620 non
1019 2561 1118 2639 poeta

125 2645 252 2708 disserit
279 2666 413 2729 eumque
446 2643 679 2728 antiquissimis
709 2643 908 2726 temporibus
938 2644 1004 2707 iam
1038 2651 1116 2710 ante

123 2731 324 2798 Herodotum
368 2733 537 2796 historiam
583 2735 777 2796 Graecorum
822 2736 854 2794 et
896 2729 1115 2798 Troianorum

125 2822 290 2904 scripsisse
323 2821 408 2886 dicit.
467 2819 617 2886 Fortasse
646 2821 715 2903 ipse
746 2818 872 2904 (Dictys
903 2817 949 2904 et)
981 2819 1116 2885 Daretis

124 2910 242 2974 librum
256 2909 345 2994 vidit,
359 2909 496 2974 fortasse
511 2931 584 2974 cum
599 2909 731 2973 adderet
743 2909 778 2972 in
790 2908 895 2991 „foliis
910 2908 1114 2991 palmarum“
1190 2955 1191 2974 1

123 3002 160 3061 ut
173 2997 330 3062 Rudolfus
353 2996 468 3080 Peiper
486 2999 674 3081 suspicatur,
696 2996 839 3060 tiliarum
861 2997 1010 3060 meminIt
1032 3019 1115 3082 quas

123 3085 235 3168 Dictys
251 3107 346 3169 opere
370 3086 567 3172 conscriptas
590 3086 690 3150 fuisse
712 3085 747 3148 in
769 3083 909 3169 Prologo
933 3092 976 3169 (p.
1001 3086 1031 3168 2,
1059 3085 1114 3172 18)

122 3175 269 3258 legimus.

212 3262 263 3326 Ex
284 3263 336 3327 hia
359 3264 420 3347 igit
421 3263 660 3328 urtestimoniis
683 3264 737 3326 vix
755 3265 833 3346 puto
847 3261 996 3328 concludi
1009 3283 1116 3345 posse,

124 3349 253 3413 Daretis
277 3372 356 3432 opus
381 3349 503 3416 Graeca
525 3351 636 3436 lingua
660 3352 815 3434 scriptum
839 3351 903 3414 exti
903 3352 995 3415 tisse:
1032 3349 1113 3414 illud
1189 3413 1190 3416 ,

126 3439 233 3498 autem
257 3441 405 3520 apparet,
435 3439 490 3522 qui
513 3439 582 3504 fieri
603 3440 758 3523 potuerit,
781 3441 818 3501 ut
840 3460 959 3504 nomen
982 3437 1112 3503 Daretis
1189 3443 1190 3470 ¹

125 3521 329 3603 potissimum
351 3525 434 3588 libro
457 3529 633 3608 posteriore
655 3530 800 3610 tempore
825 3528 925 3612 script
925 3550 944 3592 ο
910 3528 1112 3592 tinscribe-
