2414 3946
337 206 385 252 nu
408 207 470 254 nin
492 207 623 256 uanam
646 207 722 255 ote.
738 211 771 255 n.
1000 192 1039 256 17

66 354 161 404 tonon
184 343 349 424 appellant,
375 343 419 406 vel
435 347 492 407 hoo
507 348 606 406 minus
626 347 826 416 hemitonion,
848 346 894 407 vel
909 346 1037 407 duorum

64 433 197 491 triumve
225 449 260 490 ao
284 430 424 506 deinceps
452 430 562 508 aliquot
583 439 721 492 tonorum
743 430 939 492 intervallum.
985 432 1036 491 sed

63 531 128 574 non
144 514 293 591 promisee
307 529 396 572 voces
411 533 514 572 ornnes
530 534 596 576 oum
614 515 679 577 aliis
700 523 731 577 ut
747 515 818 577 libet
832 517 950 576 iuuotae
966 533 1036 575 oon·

64 595 238 658 oordabiles
259 599 290 656 iu
307 603 395 656 cautu
416 596 547 658 reddunt
563 600 695 658 elieotus.
726 608 759 659 ut
778 599 893 661 litterae
908 608 1037 678 nostrae,
1056 611 1072 660 o

23 693 41 741 5
63 685 92 742 si
113 683 245 742 intense
267 682 376 758 passim
398 681 557 759 iungantur
579 689 608 742 et
629 699 688 742 non
705 693 919 758 congruenter,
950 702 1039 763 saepe

61 784 124 827 neo
145 765 243 826 verbis
263 783 320 825 nee
341 763 460 844 syllabis
481 763 654 843 copulandis
676 767 915 837 concordabunt,
943 769 987 828 sie
1008 771 1039 827 in

61 851 181 912 musica
209 849 353 927 quaedam
375 859 456 910 oerta
482 857 552 911 sunt
573 848 728 912 intervalla
749 869 824 930 quae
850 850 1039 930 symphonias

62 936 184 1014 possint
210 934 338 994 eflioere.
385 943 427 994 est
455 941 552 995 autem
580 934 754 1014 symphonia
781 936 906 997 duarum
932 947 1072 996 vonumo

63 1020 231 1098 disparium
252 1019 332 1079 inter
347 1035 379 1079 se
401 1019 568 1079 iunctarum
585 1018 680 1080 duleis
696 1027 867 1080 concentus
899 1020 1037 1099 sympho-

7 1114 42 1160 10
63 1106 135 1164 niae
152 1101 299 1181 simplices
321 1121 355 1162 ao
369 1105 484 1182 primae
507 1110 575 1164 sunt
590 1112 666 1175 tres,
690 1104 798 1182 quibus
813 1103 946 1182 reliquae
968 1123 1038 1164 oon-

62 1195 163 1258 staut;
183 1205 241 1248 nna
259 1187 351 1248 duum
369 1198 508 1248 tonorum
527 1195 556 1247 et
573 1188 726 1249 hemitonii
743 1188 859 1250 hahens
877 1186 1037 1265 διὰιτημα,

62 1291 146 1352 quae
172 1279 294 1334 roratur
319 1270 372 1334 διὰ
397 1270 573 1348 τειιάρων,
612 1272 667 1333 alia
695 1275 786 1332 trium
815 1281 843 1334 et
872 1273 1036 1343 hemitonii,

61 1375 158 1436 quam
172 1364 278 1417 rorant
293 1355 345 1419 bad
360 1355 474 1420 neura:
497 1359 584 1418 tertia
601 1356 711 1419 estoldi
726 1359 855 1429 παιῶν,
872 1358 957 1417 ouius
972 1355 1037 1420 διά-

60 1459 169 1518 ετημα
190 1443 320 1502 eontinet
341 1441 413 1502 duas
432 1443 559 1519 priores.
596 1447 640 1502 est
661 1443 739 1502 enim
759 1440 806 1500 vel
822 1459 872 1502 sex
889 1448 1036 1511 tonorum,
1057 1454 1072 1502 ι

4 1535 39 1582 15
59 1535 100 1589 ut
116 1528 309 1587 Aristoxenus
324 1526 491 1603 musioique
505 1526 693 1595 adseverent,
710 1525 757 1586 vel
773 1527 904 1604 quinque
920 1534 949 1586 et
965 1526 1037 1586 dno-

59 1629 134 1674 rum
166 1611 412 1681 hemitoniorum,
443 1617 476 1670 ut
500 1609 682 1690 Pythagoras
711 1617 954 1691 geometraeque,
986 1615 1041 1686 qui

61 1698 274 1757 demonstrant
302 1707 342 1754 111
368 1695 528 1756 hemitonia
558 1702 663 1756 tonum
685 1693 827 1774 conplere
857 1713 916 1756 non
939 1712 1036 1772 posse.

60 1797 163 1860 quare
183 1781 269 1840 etiam
291 1779 477 1841 huiusmodi
497 1779 684 1840 intervallum
700 1779 782 1840 Plato
803 1780 923 1841 abusive
944 1779 1037 1840 hemi-

61 1865 188 1934 tonion,
211 1866 333 1944 proprie
349 1872 448 1925 autem
463 1862 628 1942 διάλειμμα
650 1862 787 1944 appellat.
823 1883 903 1925 nuno
919 1882 990 1924 vero
1005 1869 1038 1924 ut
1055 1873 1072 1922 8

22 1957 40 2005 o
60 1949 182 2029 liquido
198 1958 339 2027 appareat
354 1949 602 2026 quemadmodum
619 1965 706 2010 voees
721 1967 778 2019 neo
789 1948 845 2009 sub
862 1947 965 2010 oeulos
981 1966 1036 2008 neo

60 2035 122 2095 sub
139 2042 249 2106 tantum
267 2035 405 2095 cadentes
419 2032 531 2094 babere
545 2034 661 2111 possint
675 2051 846 2104 mensuras,
863 2030 1037 2094 admirabile

59 2119 252 2199 Pythagorae
281 2118 410 2179 reseram
441 2126 656 2186 commentum,
689 2119 739 2196 qui
769 2126 883 2178 secreta
915 2127 1038 2177 naturae

59 2203 213 2266 serrendo
242 2204 376 2280 repperit
404 2202 573 2282 phthongos
602 2203 783 2264 musicorum
814 2203 972 2262 convenire
1001 2201 1037 2262 ad

59 2289 214 2349 rationem
235 2305 438 2348 numerorum.
477 2305 545 2348 nam
561 2286 689 2348 obordas
709 2305 803 2366 aeque
824 2304 938 2348 crassas
958 2288 1037 2364 pari·

20 2379 128 2454 oque
163 2371 345 2450 lungitudine
380 2372 504 2433 diversis
537 2370 721 2450 ponderibus
754 2371 893 2446 tetendit,
931 2370 1038 2449 quibus

59 2476 157 2537 saepe
174 2455 266 2534 pulsis
281 2475 337 2518 neo
352 2456 513 2534 phthongis
533 2457 570 2517 ad
590 2455 680 2518 ullam
696 2457 893 2536 symphonian
915 2473 1038 2516 coneor-

61 2603 273 2614 Μ

138 2680 163 2727 1.
186 2675 275 2728 τόνον
297 2679 368 2741 vulpe
437 2688 606 2726 semrrouron
632 2675 660 2738 (s
677 2677 704 2725 in
722 2692 791 2738 rur.,
814 2693 850 2726 eu
867 2677 884 2726 h
901 2677 989 2739 faeta,
1012 2683 1039 2725 ut

59 2749 183 2802 videtum
201 2745 269 2806 cons.
282 2747 318 2794 nd
328 2760 365 2798 ua.
379 2746 420 2794 11.
435 2747 475 2793 17.
490 2745 522 2794 18
534 2741 595 2808 ret)
609 2744 641 2806 D,
662 2744 827 2794 semitonion
843 2745 870 2792 V
936 2747 961 2795 2.
981 2757 1038 2792 aar·

60 2811 139 2882 quob
156 2814 183 2862 Ι)
239 2816 264 2863 3.
283 2824 442 2876 pnotnrscae
461 2812 518 2862 DV
571 2813 596 2862 9.
616 2811 788 2876 simphoniae
811 2811 837 2859 V
888 2812 927 2863 11.
940 2809 992 2860 buo
1004 2811 1037 2868 D,

59 2885 184 2934 duorum
201 2881 228 2929 V
235 2883 307 2943 aulon
376 2879 571 2940 hemtronuD,
590 2879 730 2930 semitonii
746 2879 793 2929 dV
862 2881 901 2929 12.
919 2878 966 2926 dia
982 2881 1038 2926 ias-

58 2965 152 3001 aaron
175 2948 203 2997 V
254 2946 312 2998 alia
330 2949 383 3006 dV,
403 2963 457 2998 aaa
474 2948 499 2997 D
560 2959 721 3000 sremrrouu
738 2947 799 3003 DV,
819 2949 848 2996 el
865 2945 1040 2996 semitoniid

60 3021 107 3069 13.
128 3017 260 3081 diapente
282 3016 309 3066 V
375 3015 419 3066 bra
437 3029 531 3066 raason
549 3017 587 3078 D,
606 3015 741 3080 diapason
763 3014 787 3063 V
856 3013 993 3063 diastema
1015 3013 1042 3060 V

59 3089 108 3137 15.
130 3097 324 3134 anesnoxeuns
341 3084 367 3133 D
437 3085 478 3133 16.
497 3083 689 3134 semitoniorum
711 3082 740 3131 V
787 3083 835 3147 qui
852 3083 916 3132 odd.
929 3081 1022 3131 Genio

60 3156 107 3206 1⁵1.
131 3167 170 3202 111
187 3153 336 3202 renhronra
354 3149 379 3214 (s
390 3152 418 3200 in
429 3150 493 3214 rue.)
513 3152 546 3211 D,
565 3153 631 3202 idem
647 3151 703 3200 eine
721 3166 774 3202 ras.
797 3151 828 3208 V,
848 3165 873 3199 11
891 3147 1039 3199 semitonia

57 3222 167 3272 Iahnue
185 3235 222 3270 ex
238 3220 299 3270 edit.
318 3219 439 3272 Rostooh.
510 3221 550 3272 18.
569 3230 738 3270 eemraourou
757 3213 781 3284 (a
799 3222 825 3267 tn
836 3216 902 3280 rae.)
921 3217 955 3276 D,
974 3217 1040 3265 idem

55 3292 122 3340 eine
134 3303 190 3340 ναν.
207 3287 233 3336 V
300 3289 341 3338 19.
355 3300 490 3352 pnopnrae
504 3287 528 3337 D
581 3284 728 3349 διάλειμμα
745 3286 851 3346 Iahnua,
870 3283 1040 3334 heannrmrna

57 3357 122 3408 DV
192 3357 233 3406 at.
252 3353 426 3406 cabanensi)
478 3369 573 3422 possm
590 3356 616 3405 D
684 3356 726 3405 23.
745 3351 891 3418 servando]
908 3353 980 3402 imario
998 3365 1041 3401 re·

56 3422 188 3477 serundo
257 3423 399 3489 prboupos
416 3423 475 3473 nV
539 3425 582 3474 24.
605 3421 707 3474 oonbas
726 3421 783 3471 nV
847 3421 890 3472 25.
909 3417 1040 3485 praudent-

55 3507 118 3544 nus
131 3493 158 3542 D
228 3492 268 3542 26.
288 3490 402 3558 ahongrs
414 3493 449 3553 D,
468 3491 599 3558 pthongis
622 3489 649 3539 V

116 3607 305 3648 cuneumve.
818 3571 838 3634 2
