<?xml version="1.0" encoding="UTF-8"?>
<!DOCTYPE html PUBLIC "-//W3C//DTD XHTML 1.0 Transitional//EN"
    "http://www.w3.org/TR/xhtml1/DTD/xhtml1-transitional.dtd">
<html xmlns="http://www.w3.org/1999/xhtml" xml:lang="en" lang="en">
 <head>
  <title>
</title>
<meta http-equiv="Content-Type" content="text/html;charset=utf-8" />
  <meta name='ocr-system' content='tesseract 3.04.00' />
  <meta name='ocr-capabilities' content='ocr_page ocr_carea ocr_par ocr_line ocrx_word'/>
</head>
<body>
  <div class='ocr_page' id='page_1' title='image "./ephemeridosbell00meisgoog_0059.png"; bbox 0 0 2416 3944; ppageno 0'>
   <div class='ocr_carea' id='block_1_1' title="bbox 134 178 795 272">
    <p class='ocr_par' dir='ltr' id='par_1_1' title="bbox 134 178 795 272">
     <span class='ocr_line' id='line_1_1' title="bbox 134 178 795 272; baseline -0.021 -28"><span class='ocrx_word' id='word_1_1' title='bbox 134 179 177 244; x_wconf 86' lang='lat'>36</span> <span class='ocrx_word' id='word_1_2' title='bbox 297 259 304 272; x_wconf 26' lang='grc' dir='ltr'>ι</span> <span class='ocrx_word' id='word_1_3' title='bbox 443 179 573 230; x_wconf 78' lang='grc' dir='ltr'>ιιιοιιι</span> <span class='ocrx_word' id='word_1_4' title='bbox 593 178 795 232; x_wconf 75' lang='lat' dir='ltr'>onerarem</span> 
     </span>
    </p>
   </div>
   <div class='ocr_carea' id='block_1_2' title="bbox 53 327 1207 2858">
    <p class='ocr_par' dir='ltr' id='par_1_2' title="bbox 53 327 1107 1088">
     <span class='ocr_line' id='line_1_2' title="bbox 53 327 1104 412; baseline 0.002 -20"><span class='ocrx_word' id='word_1_5' title='bbox 53 399 57 406; x_wconf 53' lang='grc'><strong>,</strong></span> <span class='ocrx_word' id='word_1_6' title='bbox 134 329 280 412; x_wconf 88' lang='lat' dir='ltr'>lcamque</span> <span class='ocrx_word' id='word_1_7' title='bbox 303 328 450 392; x_wconf 84' lang='lat' dir='ltr'>civitates</span> <span class='ocrx_word' id='word_1_8' title='bbox 477 327 599 393; x_wconf 83' lang='lat' dir='ltr'>divitiis</span> <span class='ocrx_word' id='word_1_9' title='bbox 626 329 751 393; x_wconf 90' lang='lat' dir='ltr'>nobiles</span> <span class='ocrx_word' id='word_1_10' title='bbox 780 328 866 412; x_wconf 87' lang='lat' dir='ltr'>capit</span> <span class='ocrx_word' id='word_1_11' title='bbox 893 349 998 412; x_wconf 88' lang='lat' dir='ltr'>neque</span> <span class='ocrx_word' id='word_1_12' title='bbox 1028 350 1104 394; x_wconf 90' lang='lat' dir='ltr'>con-</span> 
     </span>
     <span class='ocr_line' id='line_1_3' title="bbox 134 410 1107 499; baseline 0.001 -22"><span class='ocrx_word' id='word_1_13' title='bbox 134 416 243 477; x_wconf 88' lang='lat' dir='ltr'>tentus</span> <span class='ocrx_word' id='word_1_14' title='bbox 284 412 337 476; x_wconf 89' lang='lat' dir='ltr'>his</span> <span class='ocrx_word' id='word_1_15' title='bbox 378 410 558 496; x_wconf 84' lang='lat' dir='ltr'>Gargarum</span> <span class='ocrx_word' id='word_1_16' title='bbox 597 413 748 477; x_wconf 78' lang='lat' dir='ltr'><strong>Arisbam</strong></span> <span class='ocrx_word' id='word_1_17' title='bbox 786 412 972 492; x_wconf 71' lang='lat' dir='ltr'>Gcrqitbam</span> <span class='ocrx_word' id='word_1_18' title='bbox 1010 411 1107 499; x_wconf 81' lang='lat' dir='ltr'>Scep</span> 
     </span>
     <span class='ocr_line' id='line_1_4' title="bbox 134 438 1103 582; baseline 0.001 -20"><span class='ocrx_word' id='word_1_19' title='bbox 134 498 196 562; x_wconf 88' lang='lat' dir='ltr'>sim</span> <span class='ocrx_word' id='word_1_20' title='bbox 233 496 395 562; x_wconf 78' lang='lat' dir='ltr'>Larissam</span> <span class='ocrx_word' id='word_1_21' title='bbox 434 496 621 561; x_wconf 78' lang='lat' dir='ltr'>admiranda</span> <span class='ocrx_word' id='word_1_22' title='bbox 668 497 832 562; x_wconf 84' lang='lat' dir='ltr'>celeritate</span> <span class='ocrx_word' id='word_1_23' title='bbox 879 438 1103 582; x_wconf 82' lang='lat' dir='ltr'>depopulatur.</span> 
     </span>
     <span class='ocr_line' id='line_1_5' title="bbox 135 581 1107 679; baseline 0.003 -34"><span class='ocrx_word' id='word_1_24' title='bbox 135 581 210 647; x_wconf 90' lang='lat' dir='ltr'>dein</span> <span class='ocrx_word' id='word_1_25' title='bbox 237 582 349 646; x_wconf 89' lang='lat' dir='ltr'>doctus</span> <span class='ocrx_word' id='word_1_26' title='bbox 377 582 418 646; x_wconf 88' lang='lat' dir='ltr'>ab</span> <span class='ocrx_word' id='word_1_27' title='bbox 451 581 566 646; x_wconf 89' lang='lat' dir='ltr'>ineolis</span> <span class='ocrx_word' id='word_1_28' title='bbox 603 581 706 646; x_wconf 85' lang='lat' dir='ltr'>multa</span> <span class='ocrx_word' id='word_1_29' title='bbox 746 582 962 679; x_wconf 83' lang='lat' dir='ltr'>cuiuscemodi</span> <span class='ocrx_word' id='word_1_30' title='bbox 987 603 1107 667; x_wconf 89' lang='lat' dir='ltr'>pecora</span> 
     </span>
     <span class='ocr_line' id='line_1_6' title="bbox 108 665 1104 764; baseline 0.007 -39"><span class='ocrx_word' id='word_1_31' title='bbox 108 667 171 731; x_wconf 82' lang='lat' dir='ltr'>sin</span> <span class='ocrx_word' id='word_1_32' title='bbox 190 666 288 731; x_wconf 89' lang='lat' dir='ltr'>Idaeo</span> <span class='ocrx_word' id='word_1_33' title='bbox 310 670 421 730; x_wconf 89' lang='lat' dir='ltr'>monte</span> <span class='ocrx_word' id='word_1_34' title='bbox 443 665 608 748; x_wconf 84' lang='lat' dir='ltr'>stabulari,</span> <span class='ocrx_word' id='word_1_35' title='bbox 631 666 877 764; x_wconf 79' lang='lat' dir='ltr'>exposcentibus</span> <span class='ocrx_word' id='word_1_36' title='bbox 892 666 948 750; x_wconf 87' lang='lat' dir='ltr'>qui</span> <span class='ocrx_word' id='word_1_37' title='bbox 972 687 1045 731; x_wconf 91' lang='lat' dir='ltr'>cum</span> <span class='ocrx_word' id='word_1_38' title='bbox 1067 689 1104 732; x_wconf 91' lang='lat' dir='ltr'>eo</span> 
     </span>
     <span class='ocr_line' id='line_1_7' title="bbox 135 750 1106 848; baseline -0.002 -32"><span class='ocrx_word' id='word_1_39' title='bbox 135 755 228 816; x_wconf 83' lang='lat' dir='ltr'>erant</span> <span class='ocrx_word' id='word_1_40' title='bbox 255 750 377 815; x_wconf 90' lang='lat' dir='ltr'>cunctis</span> <span class='ocrx_word' id='word_1_41' title='bbox 405 751 469 814; x_wconf 90' lang='lat' dir='ltr'>cito</span> <span class='ocrx_word' id='word_1_42' title='bbox 498 750 627 848; x_wconf 71' lang='lat' dir='ltr'>agmine</span> <span class='ocrx_word' id='word_1_43' title='bbox 655 751 831 815; x_wconf 89' lang='lat' dir='ltr'>montem</span> <span class='ocrx_word' id='word_1_44' title='bbox 811 771 986 848; x_wconf 33' lang='lat' dir='ltr'>&#39;ingressus</span> <span class='ocrx_word' id='word_1_45' title='bbox 1007 750 1106 815; x_wconf 88' lang='lat' dir='ltr'>inter-</span> 
     </span>
     <span class='ocr_line' id='line_1_8' title="bbox 133 833 1104 932; baseline 0 -32"><span class='ocrx_word' id='word_1_46' title='bbox 133 835 226 900; x_wconf 87' lang='lat' dir='ltr'>fectis</span> <span class='ocrx_word' id='word_1_47' title='bbox 249 854 385 932; x_wconf 77' lang='lat' dir='ltr'>gregum</span> <span class='ocrx_word' id='word_1_48' title='bbox 407 833 592 900; x_wconf 84' lang='lat' dir='ltr'>custodrbus</span> <span class='ocrx_word' id='word_1_49' title='bbox 613 855 765 920; x_wconf 80' lang='lat' dir='ltr'>magnum</span> <span class='ocrx_word' id='word_1_50' title='bbox 787 834 853 898; x_wconf 85' lang='lat' dir='ltr'>vim</span> <span class='ocrx_word' id='word_1_51' title='bbox 874 855 1027 932; x_wconf 88' lang='lat' dir='ltr'>pecorum</span> <span class='ocrx_word' id='word_1_52' title='bbox 1050 836 1104 900; x_wconf 83' lang='lat' dir='ltr'>ab</span> 
     </span>
     <span class='ocr_line' id='line_1_9' title="bbox 134 919 1107 1018; baseline 0.001 -35"><span class='ocrx_word' id='word_1_53' title='bbox 134 920 232 984; x_wconf 85' lang='lat' dir='ltr'>ducit.</span> <span class='ocrx_word' id='word_1_54' title='bbox 277 919 353 984; x_wconf 90' lang='lat' dir='ltr'>dein</span> <span class='ocrx_word' id='word_1_55' title='bbox 374 919 465 983; x_wconf 88' lang='lat' dir='ltr'>nullo</span> <span class='ocrx_word' id='word_1_56' title='bbox 494 919 640 1016; x_wconf 79' lang='lat' dir='ltr'>omnium</span> <span class='ocrx_word' id='word_1_57' title='bbox 668 920 872 1002; x_wconf 87' lang='lat' dir='ltr'>adversante,</span> <span class='ocrx_word' id='word_1_58' title='bbox 895 919 1107 1018; x_wconf 81' lang='lat' dir='ltr'>cunctisque</span> 
     </span>
     <span class='ocr_line' id='line_1_10' title="bbox 134 1003 1105 1088; baseline 0 -21"><span class='ocrx_word' id='word_1_59' title='bbox 134 1004 326 1088; x_wconf 83' lang='lat' dir='ltr'>pergebat</span> <span class='ocrx_word' id='word_1_60' title='bbox 316 1025 353 1067; x_wconf 92' lang='lat' dir='ltr'>m</span> <span class='ocrx_word' id='word_1_61' title='bbox 379 1003 491 1087; x_wconf 81' lang='lat' dir='ltr'>fugam</span> <span class='ocrx_word' id='word_1_62' title='bbox 519 1003 634 1087; x_wconf 83' lang='lat' dir='ltr'>versis,</span> <span class='ocrx_word' id='word_1_63' title='bbox 668 1003 725 1068; x_wconf 90' lang='lat' dir='ltr'>ubi</span> <span class='ocrx_word' id='word_1_64' title='bbox 758 1007 885 1086; x_wconf 88' lang='lat' dir='ltr'>tempus</span> <span class='ocrx_word' id='word_1_65' title='bbox 913 1004 1018 1067; x_wconf 86' lang='lat' dir='ltr'>visum</span> <span class='ocrx_word' id='word_1_66' title='bbox 1046 1007 1105 1087; x_wconf 89' lang='lat' dir='ltr'>est,</span> 
     </span>
    </p>

    <p class='ocr_par' dir='ltr' id='par_1_3' title="bbox 97 1087 840 1171">
     <span class='ocr_line' id='line_1_11' title="bbox 97 1087 840 1171; baseline 0.007 -25"><span class='ocrx_word' id='word_1_67' title='bbox 97 1107 123 1146; x_wconf 84' lang='lat' dir='ltr'>ro</span> <span class='ocrx_word' id='word_1_68' title='bbox 137 1109 210 1153; x_wconf 91' lang='lat' dir='ltr'>cum</span> <span class='ocrx_word' id='word_1_69' title='bbox 230 1110 264 1151; x_wconf 94' lang='lat' dir='ltr'>m</span> <span class='ocrx_word' id='word_1_70' title='bbox 371 1087 490 1171; x_wconf 86' lang='lat' dir='ltr'>praeda</span> <span class='ocrx_word' id='word_1_71' title='bbox 511 1087 552 1152; x_wconf 86' lang='lat' dir='ltr'>ad</span> <span class='ocrx_word' id='word_1_72' title='bbox 573 1109 648 1152; x_wconf 90' lang='lat' dir='ltr'>suos</span> <span class='ocrx_word' id='word_1_73' title='bbox 670 1088 840 1152; x_wconf 82' lang='lat' dir='ltr'>convertit.</span> 
     </span>
    </p>

    <p class='ocr_par' dir='ltr' id='par_1_4' title="bbox 134 1107 1106 1510">
     <span class='ocr_line' id='line_1_12' title="bbox 219 1107 1106 1255; baseline 0.001 -19.057"><span class='ocrx_word' id='word_1_74' title='bbox 219 1107 372 1236; x_wconf 51' lang='grc' dir='ltr'><strong>ΧΧἯΙ.</strong></span> <span class='ocrx_word' id='word_1_75' title='bbox 409 1171 473 1236; x_wconf 86' lang='grc' dir='ltr'>Ριι</span> <span class='ocrx_word' id='word_1_76' title='bbox 500 1171 585 1237; x_wconf 87' lang='lat' dir='ltr'>idem</span> <span class='ocrx_word' id='word_1_77' title='bbox 613 1175 740 1255; x_wconf 89' lang='lat' dir='ltr'>tempus</span> <span class='ocrx_word' id='word_1_78' title='bbox 762 1171 915 1255; x_wconf 80' lang='lat' dir='ltr'>Chryses,</span> <span class='ocrx_word' id='word_1_79' title='bbox 939 1192 1035 1255; x_wconf 89' lang='lat' dir='ltr'>quem</span> <span class='ocrx_word' id='word_1_80' title='bbox 1057 1193 1106 1237; x_wconf 89' lang='lat' dir='ltr'>sa-</span> 
     </span>
     <span class='ocr_line' id='line_1_13' title="bbox 134 1254 1103 1342; baseline 0 -20"><span class='ocrx_word' id='word_1_81' title='bbox 134 1256 296 1322; x_wconf 82' lang='lat' dir='ltr'>cerdotem</span> <span class='ocrx_word' id='word_1_82' title='bbox 312 1254 468 1320; x_wconf 88' lang='lat' dir='ltr'>Zminthii</span> <span class='ocrx_word' id='word_1_83' title='bbox 483 1255 651 1340; x_wconf 80' lang='lat' dir='ltr'>Apollinis</span> <span class='ocrx_word' id='word_1_84' title='bbox 665 1277 762 1342; x_wconf 85' lang='lat' dir='ltr'>supra</span> <span class='ocrx_word' id='word_1_85' title='bbox 776 1256 943 1320; x_wconf 83' lang='lat' dir='ltr'>docuimus</span> <span class='ocrx_word' id='word_1_86' title='bbox 944 1255 1103 1340; x_wconf 81' lang='lat' dir='ltr'>‚cognito</span> 
     </span>
     <span class='ocr_line' id='line_1_14' title="bbox 134 1339 1103 1487; baseline -0.001 -81"><span class='ocrx_word' id='word_1_87' title='bbox 134 1342 236 1406; x_wconf 89' lang='lat' dir='ltr'>filiam</span> <span class='ocrx_word' id='word_1_88' title='bbox 265 1363 356 1406; x_wconf 90' lang='lat' dir='ltr'>suam</span> <span class='ocrx_word' id='word_1_89' title='bbox 378 1343 582 1424; x_wconf 84' lang='lat' dir='ltr'>Astynomen</span> <span class='ocrx_word' id='word_1_90' title='bbox 609 1361 683 1439; x_wconf 83' lang='lat' dir='ltr'>cum</span> <span class='ocrx_word' id='word_1_91' title='bbox 704 1345 966 1487; x_wconf 54' lang='lat' dir='ltr'>Agamemnone</span> <span class='ocrx_word' id='word_1_92' title='bbox 976 1339 1103 1425; x_wconf 81' lang='lat' dir='ltr'>degere,</span> 
     </span>
     <span class='ocr_line' id='line_1_15' title="bbox 135 1424 1108 1510; baseline 0.001 -21"><span class='ocrx_word' id='word_1_93' title='bbox 135 1427 237 1490; x_wconf 87' lang='lat' dir='ltr'>fretus</span> <span class='ocrx_word' id='word_1_94' title='bbox 259 1426 416 1510; x_wconf 79' lang='lat' dir='ltr'>religione</span> <span class='ocrx_word' id='word_1_95' title='bbox 438 1425 524 1490; x_wconf 83' lang='lat' dir='ltr'>tanti</span> <span class='ocrx_word' id='word_1_96' title='bbox 544 1447 689 1490; x_wconf 89' lang='lat' dir='ltr'>nummrs</span> <span class='ocrx_word' id='word_1_97' title='bbox 710 1447 730 1489; x_wconf 92' lang='lat' dir='ltr'>a</span> <span class='ocrx_word' id='word_1_98' title='bbox 772 1445 871 1488; x_wconf 82' lang='lat' dir='ltr'>naves</span> <span class='ocrx_word' id='word_1_99' title='bbox 893 1424 992 1507; x_wconf 80' lang='lat' dir='ltr'>venit,</span> <span class='ocrx_word' id='word_1_100' title='bbox 1015 1446 1108 1508; x_wconf 88' lang='lat' dir='ltr'>prae-</span> 
     </span>
    </p>

    <p class='ocr_par' dir='ltr' id='par_1_5' title="bbox 94 1508 1207 2858">
     <span class='ocr_line' id='line_1_16' title="bbox 97 1508 1108 1606; baseline 0.005 -37"><span class='ocrx_word' id='word_1_101' title='bbox 97 1510 243 1574; x_wconf 78' lang='lat' dir='ltr'>referens</span> <span class='ocrx_word' id='word_1_102' title='bbox 263 1508 315 1573; x_wconf 90' lang='lat' dir='ltr'>dei</span> <span class='ocrx_word' id='word_1_103' title='bbox 337 1509 445 1573; x_wconf 85' lang='lat' dir='ltr'>vultus</span> <span class='ocrx_word' id='word_1_104' title='bbox 468 1531 504 1574; x_wconf 92' lang='lat' dir='ltr'>ac</span> <span class='ocrx_word' id='word_1_105' title='bbox 526 1508 682 1593; x_wconf 85' lang='lat' dir='ltr'>quaedam</span> <span class='ocrx_word' id='word_1_106' title='bbox 705 1512 969 1574; x_wconf 77' lang='lat' dir='ltr'>ornamentorum</span> <span class='ocrx_word' id='word_1_107' title='bbox 991 1509 1108 1606; x_wconf 83' lang='lat' dir='ltr'>templi</span> 
     </span>
     <span class='ocr_line' id='line_1_17' title="bbox 136 1593 1109 1744; baseline -0.003 0"><span class='ocrx_word' id='word_1_108' title='bbox 136 1593 1109 1774; x_wconf 36' lang='lat' dir='ltr'>m,apphusbffipppgnpffiffiffi</span> 
     </span>
     <span class='ocr_line' id='line_1_18' title="bbox 136 1761 1110 1846; baseline -0.001 -19"><span class='ocrx_word' id='word_1_109' title='bbox 136 1767 233 1846; x_wconf 83' lang='lat' dir='ltr'>atque</span> <span class='ocrx_word' id='word_1_110' title='bbox 267 1761 393 1846; x_wconf 83' lang='lat' dir='ltr'>argenti</span> <span class='ocrx_word' id='word_1_111' title='bbox 449 1761 521 1826; x_wconf 91' lang='lat' dir='ltr'>onis</span> <span class='ocrx_word' id='word_1_112' title='bbox 553 1761 702 1846; x_wconf 87' lang='lat' dir='ltr'>plurimis</span> <span class='ocrx_word' id='word_1_113' title='bbox 735 1762 990 1846; x_wconf 87' lang='lat' dir='ltr'>redemptionem</span> <span class='ocrx_word' id='word_1_114' title='bbox 1022 1761 1110 1826; x_wconf 83' lang='lat' dir='ltr'>filiae</span> 
     </span>
     <span class='ocr_line' id='line_1_19' title="bbox 94 1845 1112 1945; baseline -0.002 -33"><span class='ocrx_word' id='word_1_115' title='bbox 94 1877 96 1881; x_wconf 94' lang='lat'>·</span> <span class='ocrx_word' id='word_1_116' title='bbox 137 1849 326 1945; x_wconf 90' lang='lat' dir='ltr'>deprecatur</span> <span class='ocrx_word' id='word_1_117' title='bbox 348 1845 533 1930; x_wconf 82' lang='lat' dir='ltr'>obsecrans,</span> <span class='ocrx_word' id='word_1_118' title='bbox 556 1847 605 1910; x_wconf 89' lang='grc' dir='ltr'>ιιιι</span> <span class='ocrx_word' id='word_1_119' title='bbox 625 1869 679 1911; x_wconf 86' lang='lat' dir='ltr'>ma</span> <span class='ocrx_word' id='word_1_120' title='bbox 760 1849 870 1912; x_wconf 82' lang='lat' dir='ltr'>carent</span> <span class='ocrx_word' id='word_1_121' title='bbox 891 1846 1112 1944; x_wconf 87' lang='lat' dir='ltr'>praesentiam</span> 
     </span>
     <span class='ocr_line' id='line_1_20' title="bbox 98 1930 1113 2028; baseline 0.005 -38"><span class='ocrx_word' id='word_1_122' title='bbox 98 1933 203 2015; x_wconf 80' lang='lat' dir='ltr'>rodei,</span> <span class='ocrx_word' id='word_1_123' title='bbox 227 1953 284 2015; x_wconf 84' lang='lat' dir='ltr'>qur</span> <span class='ocrx_word' id='word_1_124' title='bbox 305 1951 413 1999; x_wconf 88' lang='lat' dir='ltr'>secum</span> <span class='ocrx_word' id='word_1_125' title='bbox 434 1934 561 1996; x_wconf 89' lang='lat' dir='ltr'>oratum</span> <span class='ocrx_word' id='word_1_126' title='bbox 583 1951 680 1996; x_wconf 89' lang='lat' dir='ltr'>eoso</span> <span class='ocrx_word' id='word_1_127' title='bbox 661 1930 922 2028; x_wconf 81' lang='lat' dir='ltr'>osaoerdotem</span> <span class='ocrx_word' id='word_1_128' title='bbox 940 1930 1113 2014; x_wconf 87' lang='lat' dir='ltr'>proprium</span> 
     </span>
     <span class='ocr_line' id='line_1_21' title="bbox 138 2014 1207 2100; baseline -0.003 -19"><span class='ocrx_word' id='word_1_129' title='bbox 138 2016 288 2082; x_wconf 88' lang='lat' dir='ltr'>venisset.</span> <span class='ocrx_word' id='word_1_130' title='bbox 332 2018 499 2100; x_wconf 85' lang='lat' dir='ltr'>praetcrea</span> <span class='ocrx_word' id='word_1_131' title='bbox 526 2018 770 2098; x_wconf 86' lang='lat' dir='ltr'>commemoret,</span> <span class='ocrx_word' id='word_1_132' title='bbox 775 2036 876 2099; x_wconf 86' lang='lat' dir='ltr'>quae</span> <span class='ocrx_word' id='word_1_133' title='bbox 902 2015 938 2078; x_wconf 89' lang='lat' dir='ltr'>in</span> <span class='ocrx_word' id='word_1_134' title='bbox 966 2014 1035 2079; x_wconf 85' lang='lat' dir='ltr'>dies</span> <span class='ocrx_word' id='word_1_135' title='bbox 1056 2015 1114 2079; x_wconf 87' lang='lat' dir='ltr'>ad-</span> <span class='ocrx_word' id='word_1_136' title='bbox 1206 2083 1207 2098; x_wconf 12' lang='grc' dir='ltr'>χ</span> 
     </span>
     <span class='ocr_line' id='line_1_22' title="bbox 138 2099 1207 2196; baseline -0.004 -29"><span class='ocrx_word' id='word_1_137' title='bbox 138 2123 266 2167; x_wconf 84' lang='lat' dir='ltr'>versum</span> <span class='ocrx_word' id='word_1_138' title='bbox 295 2121 329 2166; x_wconf 88' lang='lat' dir='ltr'>se</span> <span class='ocrx_word' id='word_1_139' title='bbox 357 2100 397 2165; x_wconf 88' lang='lat' dir='ltr'>ab</span> <span class='ocrx_word' id='word_1_140' title='bbox 418 2099 605 2165; x_wconf 85' lang='lat' dir='ltr'>Alexandro</span> <span class='ocrx_word' id='word_1_141' title='bbox 635 2100 766 2183; x_wconf 88' lang='lat' dir='ltr'>eiusque</span> <span class='ocrx_word' id='word_1_142' title='bbox 789 2099 1039 2196; x_wconf 78' lang='lat' dir='ltr'>consanguineis</span> <span class='ocrx_word' id='word_1_143' title='bbox 1068 2100 1114 2164; x_wconf 92' lang='lat' dir='ltr'>ob</span> <span class='ocrx_word' id='word_1_144' title='bbox 1206 2103 1207 2118; x_wconf 63' lang='lat'>¹</span> 
     </span>
     <span class='ocr_line' id='line_1_23' title="bbox 139 2183 1115 2268; baseline -0.004 -16"><span class='ocrx_word' id='word_1_145' title='bbox 139 2185 315 2252; x_wconf 83' lang='lat' dir='ltr'>exhibitam</span> <span class='ocrx_word' id='word_1_146' title='bbox 337 2206 395 2268; x_wconf 90' lang='lat' dir='ltr'>per</span> <span class='ocrx_word' id='word_1_147' title='bbox 417 2206 450 2248; x_wconf 88' lang='lat' dir='ltr'>se</span> <span class='ocrx_word' id='word_1_148' title='bbox 472 2184 570 2268; x_wconf 82' lang='lat' dir='ltr'>paulo</span> <span class='ocrx_word' id='word_1_149' title='bbox 598 2187 673 2247; x_wconf 90' lang='lat' dir='ltr'>ante</span> <span class='ocrx_word' id='word_1_150' title='bbox 698 2184 986 2250; x_wconf 87' lang='lat' dir='ltr'>immolationem</span> <span class='ocrx_word' id='word_1_151' title='bbox 976 2183 1115 2248; x_wconf 89' lang='lat' dir='ltr'>mimica</span> 
     </span>
     <span class='ocr_line' id='line_1_24' title="bbox 138 2266 1116 2352; baseline -0.002 -19"><span class='ocrx_word' id='word_1_152' title='bbox 138 2269 335 2352; x_wconf 86' lang='lat' dir='ltr'>hostiliaque</span> <span class='ocrx_word' id='word_1_153' title='bbox 356 2272 557 2350; x_wconf 91' lang='lat' dir='ltr'>pararentur.</span> <span class='ocrx_word' id='word_1_154' title='bbox 601 2289 683 2351; x_wconf 84' lang='lat' dir='ltr'>quae</span> <span class='ocrx_word' id='word_1_155' title='bbox 711 2268 767 2333; x_wconf 90' lang='lat' dir='ltr'>ubi</span> <span class='ocrx_word' id='word_1_156' title='bbox 789 2288 954 2351; x_wconf 86' lang='lat' dir='ltr'>accepere,</span> <span class='ocrx_word' id='word_1_157' title='bbox 977 2266 1116 2332; x_wconf 87' lang='lat' dir='ltr'>redden-</span> 
     </span>
     <span class='ocr_line' id='line_1_25' title="bbox 100 2317 1117 2451; baseline -0.002 -33"><span class='ocrx_word' id='word_1_158' title='bbox 100 2371 126 2411; x_wconf 73' lang='grc' dir='ltr'>ιι</span> <span class='ocrx_word' id='word_1_159' title='bbox 139 2355 213 2418; x_wconf 88' lang='lat' dir='ltr'>dam</span> <span class='ocrx_word' id='word_1_160' title='bbox 234 2353 335 2416; x_wconf 86' lang='lat' dir='ltr'>filiam</span> <span class='ocrx_word' id='word_1_161' title='bbox 358 2351 515 2418; x_wconf 84' lang='lat' dir='ltr'>secerdoti</span> <span class='ocrx_word' id='word_1_162' title='bbox 536 2372 641 2449; x_wconf 87' lang='lat' dir='ltr'>neque</span> <span class='ocrx_word' id='word_1_163' title='bbox 665 2352 707 2417; x_wconf 93' lang='lat' dir='ltr'>ob</span> <span class='ocrx_word' id='word_1_164' title='bbox 728 2353 762 2416; x_wconf 93' lang='lat' dir='ltr'>id</span> <span class='ocrx_word' id='word_1_165' title='bbox 771 2317 1006 2450; x_wconf 86' lang='lat' dir='ltr'>accipiendum</span> <span class='ocrx_word' id='word_1_166' title='bbox 1020 2373 1117 2451; x_wconf 78' lang='lat' dir='ltr'>prae-</span> 
     </span>
     <span class='ocr_line' id='line_1_26' title="bbox 138 2436 1206 2534; baseline -0.003 -30"><span class='ocrx_word' id='word_1_167' title='bbox 138 2439 240 2504; x_wconf 88' lang='lat' dir='ltr'>mium</span> <span class='ocrx_word' id='word_1_168' title='bbox 262 2437 423 2502; x_wconf 87' lang='lat' dir='ltr'>universis</span> <span class='ocrx_word' id='word_1_169' title='bbox 442 2436 558 2534; x_wconf 84' lang='lat' dir='ltr'>placet,</span> <span class='ocrx_word' id='word_1_170' title='bbox 582 2436 701 2521; x_wconf 90' lang='lat' dir='ltr'>quippe</span> <span class='ocrx_word' id='word_1_171' title='bbox 724 2436 780 2534; x_wconf 91' lang='lat' dir='ltr'>qui</span> <span class='ocrx_word' id='word_1_172' title='bbox 802 2458 875 2501; x_wconf 91' lang='lat' dir='ltr'>eum</span> <span class='ocrx_word' id='word_1_173' title='bbox 897 2457 955 2520; x_wconf 88' lang='lat' dir='ltr'>per</span> <span class='ocrx_word' id='word_1_174' title='bbox 977 2457 1010 2500; x_wconf 89' lang='lat' dir='ltr'>se</span> <span class='ocrx_word' id='word_1_175' title='bbox 1033 2438 1118 2502; x_wconf 89' lang='lat' dir='ltr'>ami-</span> <span class='ocrx_word' id='word_1_176' title='bbox 1205 2453 1206 2458; x_wconf 74' lang='grc'>’</span> 
     </span>
     <span class='ocr_line' id='line_1_27' title="bbox 139 2520 1119 2605; baseline -0.002 -17"><span class='ocrx_word' id='word_1_177' title='bbox 139 2545 195 2588; x_wconf 87' lang='lat' dir='ltr'>cus</span> <span class='ocrx_word' id='word_1_178' title='bbox 224 2520 390 2604; x_wconf 87' lang='lat' dir='ltr'>fidelisque</span> <span class='ocrx_word' id='word_1_179' title='bbox 417 2520 512 2585; x_wconf 91' lang='lat' dir='ltr'>nobis</span> <span class='ocrx_word' id='word_1_180' title='bbox 547 2524 618 2584; x_wconf 92' lang='lat' dir='ltr'>tum</span> <span class='ocrx_word' id='word_1_181' title='bbox 645 2521 815 2604; x_wconf 86' lang='lat' dir='ltr'>praecipue</span> <span class='ocrx_word' id='word_1_182' title='bbox 849 2521 891 2587; x_wconf 93' lang='lat' dir='ltr'>ob</span> <span class='ocrx_word' id='word_1_183' title='bbox 918 2521 1119 2605; x_wconf 81' lang='lat' dir='ltr'>religionem</span> 
     </span>
     <span class='ocr_line' id='line_1_28' title="bbox 139 2604 1118 2705; baseline -0.002 -33"><span class='ocrx_word' id='word_1_184' title='bbox 139 2605 304 2705; x_wconf 83' lang='lat' dir='ltr'>Apollinis</span> <span class='ocrx_word' id='word_1_185' title='bbox 325 2604 410 2668; x_wconf 86' lang='lat' dir='ltr'>nihil</span> <span class='ocrx_word' id='word_1_186' title='bbox 424 2625 492 2669; x_wconf 89' lang='lat' dir='ltr'>non</span> <span class='ocrx_word' id='word_1_187' title='bbox 506 2604 623 2669; x_wconf 90' lang='lat' dir='ltr'>mereri</span> <span class='ocrx_word' id='word_1_188' title='bbox 645 2604 836 2670; x_wconf 89' lang='lat' dir='ltr'>crederetur.</span> <span class='ocrx_word' id='word_1_189' title='bbox 873 2625 1013 2688; x_wconf 87' lang='lat' dir='ltr'>namque</span> <span class='ocrx_word' id='word_1_190' title='bbox 1029 2607 1118 2670; x_wconf 92' lang='lat' dir='ltr'>mul-</span> 
     </span>
     <span class='ocr_line' id='line_1_29' title="bbox 140 2686 1119 2773; baseline -0.001 -17"><span class='ocrx_word' id='word_1_191' title='bbox 140 2692 216 2756; x_wconf 92' lang='lat' dir='ltr'>tis</span> <span class='ocrx_word' id='word_1_192' title='bbox 206 2713 271 2754; x_wconf 87' lang='lat' dir='ltr'>ram</span> <span class='ocrx_word' id='word_1_193' title='bbox 293 2688 493 2754; x_wconf 88' lang='lat' dir='ltr'>documentis</span> <span class='ocrx_word' id='word_1_194' title='bbox 522 2711 559 2754; x_wconf 87' lang='lat' dir='ltr'>ac</span> <span class='ocrx_word' id='word_1_195' title='bbox 586 2686 674 2752; x_wconf 87' lang='lat' dir='ltr'>fama</span> <span class='ocrx_word' id='word_1_196' title='bbox 695 2689 872 2754; x_wconf 86' lang='lat' dir='ltr'>incolarum</span> <span class='ocrx_word' id='word_1_197' title='bbox 894 2690 1030 2773; x_wconf 87' lang='lat' dir='ltr'>obsequi</span> <span class='ocrx_word' id='word_1_198' title='bbox 1052 2712 1119 2756; x_wconf 91' lang='lat' dir='ltr'>nu-</span> 
     </span>
     <span class='ocr_line' id='line_1_30' title="bbox 102 2773 791 2858; baseline 0.004 -23"><span class='ocrx_word' id='word_1_199' title='bbox 102 2793 127 2835; x_wconf 85' lang='lat' dir='ltr'>eo</span> <span class='ocrx_word' id='word_1_200' title='bbox 141 2775 223 2840; x_wconf 90' lang='lat' dir='ltr'>mini</span> <span class='ocrx_word' id='word_1_201' title='bbox 244 2775 312 2839; x_wconf 87' lang='lat' dir='ltr'>eius</span> <span class='ocrx_word' id='word_1_202' title='bbox 334 2795 393 2858; x_wconf 90' lang='lat' dir='ltr'>per</span> <span class='ocrx_word' id='word_1_203' title='bbox 414 2774 525 2839; x_wconf 89' lang='lat' dir='ltr'>omnia</span> <span class='ocrx_word' id='word_1_204' title='bbox 545 2773 791 2838; x_wconf 85' lang='lat' dir='ltr'>destinaverant.</span> 
     </span>
    </p>
   </div>
   <div class='ocr_carea' id='block_1_3' title="bbox 105 2942 1125 3294">
    <p class='ocr_par' dir='ltr' id='par_1_6' title="bbox 141 2942 1123 3281">
     <span class='ocr_line' id='line_1_31' title="bbox 142 2942 1123 3040; baseline 0 -31"><span class='ocrx_word' id='word_1_205' title='bbox 142 2944 270 3009; x_wconf 81' lang='lat' dir='ltr'>obviem</span> <span class='ocrx_word' id='word_1_206' title='bbox 286 2947 475 3009; x_wconf 90' lang='lat' dir='ltr'>cunctorum</span> <span class='ocrx_word' id='word_1_207' title='bbox 490 2942 688 3009; x_wconf 87' lang='lat' dir='ltr'>sententiis&#39;</span> <span class='ocrx_word' id='word_1_208' title='bbox 679 2963 725 3006; x_wconf 89' lang='grc' dir='ltr'>ιιι</span> <span class='ocrx_word' id='word_1_209' title='bbox 741 2943 856 3027; x_wconf 85' lang='lat' dir='ltr'>pergit</span> <span class='ocrx_word' id='word_1_210' title='bbox 885 2943 995 3040; x_wconf 76' lang='lat' dir='ltr'>itaque</span> <span class='ocrx_word' id='word_1_211' title='bbox 1010 2945 1123 3009; x_wconf 85' lang='lat' dir='ltr'>atroci</span> 
     </span>
     <span class='ocr_line' id='line_1_32' title="bbox 141 3027 1120 3110; baseline 0.001 -18"><span class='ocrx_word' id='word_1_212' title='bbox 141 3028 234 3092; x_wconf 86' lang='lat' dir='ltr'>vultu</span> <span class='ocrx_word' id='word_1_213' title='bbox 266 3028 400 3092; x_wconf 83' lang='lat' dir='ltr'>exitium</span> <span class='ocrx_word' id='word_1_214' title='bbox 432 3028 590 3093; x_wconf 87' lang='lat' dir='ltr'>sacerdoti</span> <span class='ocrx_word' id='word_1_215' title='bbox 618 3027 846 3110; x_wconf 86' lang='lat' dir='ltr'>comminatus,</span> <span class='ocrx_word' id='word_1_216' title='bbox 874 3028 910 3090; x_wconf 94' lang='lat' dir='ltr'>ni</span> <span class='ocrx_word' id='word_1_217' title='bbox 936 3027 1120 3110; x_wconf 82' lang='lat' dir='ltr'>recederet,</span> 
     </span>
     <span class='ocr_line' id='line_1_33' title="bbox 166 3112 1125 3196; baseline -0.001 -19"><span class='ocrx_word' id='word_1_218' title='bbox 166 3112 350 3177; x_wconf 87' lang='lat' dir='ltr'>erterritum</span> <span class='ocrx_word' id='word_1_219' title='bbox 372 3133 481 3176; x_wconf 91' lang='lat' dir='ltr'>senem</span> <span class='ocrx_word' id='word_1_220' title='bbox 503 3114 599 3194; x_wconf 87' lang='lat' dir='ltr'>etque</span> <span class='ocrx_word' id='word_1_221' title='bbox 622 3114 765 3176; x_wconf 84' lang='lat' dir='ltr'>extrema</span> <span class='ocrx_word' id='word_1_222' title='bbox 785 3112 1016 3180; x_wconf 86' lang='lat' dir='ltr'>metuentem</span> <span class='ocrx_word' id='word_1_223' title='bbox 1006 3133 1125 3196; x_wconf 87' lang='lat' dir='ltr'>mper-</span> 
     </span>
     <span class='ocr_line' id='line_1_34' title="bbox 105 3135 1125 3294; baseline 0 -32"><span class='ocrx_word' id='word_1_224' title='bbox 105 3135 229 3262; x_wconf 59' lang='lat' dir='ltr'>alieno</span> <span class='ocrx_word' id='word_1_225' title='bbox 195 3196 385 3281; x_wconf 85' lang='lat' dir='ltr'>tnegotio</span> <span class='ocrx_word' id='word_1_226' title='bbox 408 3196 449 3260; x_wconf 93' lang='lat' dir='ltr'>ab</span> <span class='ocrx_word' id='word_1_227' title='bbox 472 3196 613 3294; x_wconf 76' lang='lat' dir='ltr'>enercitu</span> <span class='ocrx_word' id='word_1_228' title='bbox 641 3193 782 3260; x_wconf 90' lang='lat' dir='ltr'>dimittit.</span> <span class='ocrx_word' id='word_1_229' title='bbox 760 3196 890 3260; x_wconf 86' lang='lat' dir='ltr'>thoe</span> <span class='ocrx_word' id='word_1_230' title='bbox 917 3195 1015 3260; x_wconf 90' lang='lat' dir='ltr'>modo</span> <span class='ocrx_word' id='word_1_231' title='bbox 1040 3217 1125 3262; x_wconf 90' lang='lat' dir='ltr'>con-</span> 
     </span>
    </p>
   </div>
   <div class='ocr_carea' id='block_1_4' title="bbox 145 3381 1129 3584">
    <p class='ocr_par' dir='ltr' id='par_1_7' title="bbox 146 3381 1128 3584">
     <span class='ocr_line' id='line_1_35' title="bbox 212 3381 1128 3452; baseline 0.002 -18"><span class='ocrx_word' id='word_1_232' title='bbox 212 3387 228 3434; x_wconf 75' lang='lat'><strong>2</strong></span> <span class='ocrx_word' id='word_1_233' title='bbox 246 3391 359 3450; x_wconf 79' lang='lat' dir='ltr'>genmtu</span> <span class='ocrx_word' id='word_1_234' title='bbox 384 3384 431 3436; x_wconf 78' lang='lat' dir='ltr'>GB</span> <span class='ocrx_word' id='word_1_235' title='bbox 472 3381 547 3449; x_wconf 82' lang='lat' dir='ltr'>Gerg</span> <span class='ocrx_word' id='word_1_236' title='bbox 548 3383 633 3434; x_wconf 85' lang='lat' dir='ltr'>imtha</span> <span class='ocrx_word' id='word_1_237' title='bbox 608 3386 761 3450; x_wconf 77' lang='grc' dir='ltr'>ιιιιιιιριιι</span> <span class='ocrx_word' id='word_1_238' title='bbox 783 3383 919 3435; x_wconf 76' lang='lat' dir='ltr'>Mereemr</span> <span class='ocrx_word' id='word_1_239' title='bbox 993 3385 1128 3452; x_wconf 88' lang='lat' dir='ltr'>3dep0-</span> 
     </span>
     <span class='ocr_line' id='line_1_36' title="bbox 145 3401 1129 3518; baseline 0.002 -16.04"><span class='ocrx_word' id='word_1_240' title='bbox 145 3452 244 3516; x_wconf 85' lang='lat' dir='ltr'>puulat</span> <span class='ocrx_word' id='word_1_241' title='bbox 245 3466 257 3502; x_wconf 93' lang='lat' dir='ltr'>s</span> <span class='ocrx_word' id='word_1_242' title='bbox 246 3401 328 3504; x_wconf 75' lang='lat' dir='ltr'>gGB</span> <span class='ocrx_word' id='word_1_243' title='bbox 400 3455 416 3502; x_wconf 82' lang='lat' dir='ltr'>b</span> <span class='ocrx_word' id='word_1_244' title='bbox 439 3450 503 3502; x_wconf 89' lang='lat' dir='ltr'>ideo</span> <span class='ocrx_word' id='word_1_245' title='bbox 527 3451 597 3502; x_wconf 74' lang='lat' dir='ltr'>cn.-</span> <span class='ocrx_word' id='word_1_246' title='bbox 659 3453 690 3500; x_wconf 77' lang='lat'>12</span> <span class='ocrx_word' id='word_1_247' title='bbox 713 3467 730 3501; x_wconf 88' lang='grc' dir='ltr'>ιι</span> <span class='ocrx_word' id='word_1_248' title='bbox 731 3450 864 3516; x_wconf 85' lang='lat' dir='ltr'>piipollns</span> <span class='ocrx_word' id='word_1_249' title='bbox 886 3451 933 3503; x_wconf 74' lang='lat' dir='ltr'>GH</span> <span class='ocrx_word' id='word_1_250' title='bbox 1001 3454 1037 3503; x_wconf 80' lang='lat'>20</span> <span class='ocrx_word' id='word_1_251' title='bbox 1056 3469 1129 3518; x_wconf 87' lang='lat' dir='ltr'>pro-</span> 
     </span>
     <span class='ocr_line' id='line_1_37' title="bbox 146 3515 944 3584; baseline 0.001 -15"><span class='ocrx_word' id='word_1_252' title='bbox 146 3535 179 3584; x_wconf 88' lang='lat' dir='ltr'>pr</span> <span class='ocrx_word' id='word_1_253' title='bbox 180 3520 236 3569; x_wconf 87' lang='grc' dir='ltr'>ιιιιι</span> <span class='ocrx_word' id='word_1_254' title='bbox 210 3518 303 3569; x_wconf 75' lang='lat' dir='ltr'>mcc</span> <span class='ocrx_word' id='word_1_255' title='bbox 371 3521 404 3569; x_wconf 76' lang='lat'>25</span> <span class='ocrx_word' id='word_1_256' title='bbox 422 3519 597 3570; x_wconf 83' lang='lat' dir='ltr'>sacerdotem</span> <span class='ocrx_word' id='word_1_257' title='bbox 616 3515 652 3568; x_wconf 59' lang='grc' dir='ltr'>θ’</span> <span class='ocrx_word' id='word_1_258' title='bbox 722 3521 755 3571; x_wconf 80' lang='lat'>28</span> <span class='ocrx_word' id='word_1_259' title='bbox 772 3517 944 3571; x_wconf 49' lang='lat' dir='ltr'>merereGK</span> 
     </span>
    </p>
   </div>
   <div class='ocr_carea' id='block_1_5' title="bbox 0 0 1229 3944">
    <p class='ocr_par' dir='ltr' id='par_1_8' title="bbox 0 0 1229 3944">
     <span class='ocr_line' id='line_1_38' title="bbox 0 0 1229 3944; baseline 0 0"><span class='ocrx_word' id='word_1_260' title='bbox 0 0 1229 3944; x_wconf 95' lang='lat' dir='ltr'> </span> 
     </span>
    </p>
   </div>
  </div>
 </body>
</html>
