2416 3944
191 263 211 320 fl
500 255 629 297 nronxs
648 251 847 296 csnnsusrs

192 397 377 461 amitterent
397 399 523 479 partam
544 395 710 479 praedam,
739 395 871 459 summis
898 395 1014 478 opibus
1037 395 1151 460 adnite

191 486 317 546 rentur:
339 481 479 545 incensis
502 479 615 544 deinde
632 479 754 543 duabus
773 479 909 543 navibus
931 479 1065 544 Troiani
1088 479 1151 544 reli-

192 587 270 649 quas
293 569 421 630 strenue
449 564 595 629 defensas
623 564 770 627 liberant.
815 567 911 648 atque
941 565 988 628 ita
1015 564 1151 650 fatigatis

192 651 256 714 iarn
277 651 401 732 proelio
423 649 570 714 hostibus
592 647 741 712 evadunt.
761 718 762 722 ,
1088 677 1091 686 ·

167 761 178 798 s
276 733 333 798 vi.
370 734 507 798 Interim
522 733 607 816 apud
622 733 751 798 Troiam
766 732 946 819 legatorum
960 731 1151 812 Palamedes,

192 819 282 883 cuius
304 819 442 883 maxime
465 841 502 882 ea
516 821 705 902 tempestate
721 816 808 880 dorni
823 817 964 900 bellique
987 819 1151 882 consilium

191 903 306 986 valuit,
336 904 376 967 ad
403 902 567 967 Priamum
596 902 663 966 adit
684 901 907 986 conductoque
936 902 1074 966 concilio
1097 901 1153 986 pri·

191 1009 280 1052 mum
316 987 354 1050 de
382 987 559 1052 Alexandri
593 987 712 1052 iniuria
738 987 960 1070 conqueritur,
995 1007 1153 1070 exponens

192 1072 361 1136 conmunis
382 1072 517 1156 hospitii
540 1071 754 1154 eversionem,
777 1070 851 1135 dein
872 1074 998 1154 monet,
1022 1075 1154 1155 quantas

154 1180 179 1218 10
193 1178 230 1220 ea
251 1177 302 1220 res
324 1157 408 1222 inter
431 1156 493 1221 duo
515 1177 616 1242 regna
644 1155 822 1220 simultates
845 1156 1046 1221 concitatura
1068 1159 1153 1234 esset,

191 1241 396 1306 interiaciens
425 1241 613 1306 memoriam
642 1241 872 1305 discordiarum
899 1239 940 1304 Ili
969 1244 1002 1304 et
1029 1239 1153 1324 Pelopis

191 1326 401 1410 aliorumque,
424 1327 480 1409 qui
496 1348 534 1390 ex
549 1326 652 1390 causis
674 1325 832 1389 similibus
848 1323 888 1388 ad
904 1325 1154 1390 internecionem

191 1432 291 1492 usque
324 1411 469 1494 gentium
502 1411 738 1494 pervenissent:
779 1409 819 1473 ad
874 1413 1049 1474 ostremum
1084 1409 1153 1474 belli

192 1492 397 1558 difficultates
413 1499 588 1579 contraque
610 1495 699 1578 pacis
715 1431 882 1558 commoda
904 1494 1072 1558 adstruens
1095 1515 1155 1558 nor

155 1599 179 1638 15
193 1600 226 1642 se
242 1578 402 1662 ignorare,
419 1579 473 1662 ait,
490 1579 619 1662 quantis
634 1579 821 1643 mortalibus
841 1582 907 1642 tam
925 1584 1018 1642 atrox
1032 1576 1153 1642 facinus

194 1661 452 1748 indignationem
469 1663 642 1729 incuteret:
666 1685 705 1726 ex
720 1684 783 1747 quo
799 1667 944 1727 auctores
966 1663 1107 1727 iniuriae
1121 1665 1154 1726 ab

195 1747 345 1811 omnibus
361 1747 529 1812 derelictos
550 1747 726 1830 impictatis
742 1747 899 1830 supplicia
921 1747 1095 1812 subituros.
1130 1749 1155 1810 et

193 1852 265 1894 cum
298 1833 392 1913 plura
424 1831 527 1896 dicere
560 1835 704 1915 cuperet,
738 1830 885 1896 Priamus
918 1828 1059 1896 medium
1096 1834 1155 1897 eius

195 1915 433 1998 interrumpens
445 1937 639 1980 sermonem:
651 1916 778 2000 parcius
790 1937 907 1999 quaeso
919 1915 1103 2000 Palamede,
1116 1918 1155 1980 in·

154 2022 180 2062 so
194 1999 278 2082 quit:
291 1999 436 2083 iniquum
449 2001 568 2064 etenim
581 2001 707 2064 videtur
721 2000 901 2064 insimulari
912 2022 986 2064 eum
999 2001 1054 2083 qui
1068 2002 1154 2081 absit,

117 2095 124 2112 ·
190 2084 329 2148 maxime
351 2106 423 2149 cum
444 2085 514 2149 fieri
535 2084 647 2168 possit,
670 2085 727 2166 uti,
749 2105 830 2167 quae
847 2084 1019 2148 criminose
1035 2086 1155 2150 obiecta

191 2172 276 2250 sunt,
291 2169 454 2250 praesenti
476 2169 671 2233 refutatione
687 2167 860 2232 diluantur.
892 2169 970 2233 haec
986 2172 1085 2251 atque
1101 2169 1155 2235 alia

190 2250 374 2315 huiusmodi
401 2253 546 2316 inserens
583 2251 702 2316 differri
736 2253 881 2350 querelas
914 2245 954 2316 ad
987 2254 1156 2319 adventum

191 2335 367 2399 Alexandri
394 2335 492 2400 iubet.
543 2336 672 2401 videbat
702 2358 804 2420 emm,
830 2341 866 2401 ut
888 2337 1024 2422 singuli,
1047 2341 1107 2423 qui
1127 2339 1156 2401 in

153 2438 178 2480 cs
192 2441 229 2484 eo
252 2419 385 2484 consilio
408 2418 550 2504 aderant,
573 2420 753 2485 Palamedis
776 2421 921 2489 oratione
944 2429 1156 2501 moverentur,

191 2507 228 2567 ut
248 2504 355 2587 taciti,
379 2504 472 2568 vultu
493 2509 602 2570 tamen
624 2505 795 2570 admissum
822 2505 947 2570 facinus
970 2505 1157 2572 condemna·

192 2591 279 2672 rent,
303 2609 375 2653 oum
397 2588 525 2674 singula
546 2590 628 2654 miro
651 2611 768 2674 genere
791 2590 947 2655 orationis
963 2612 1157 2674 exponeren-

189 2675 243 2735 tur
265 2675 361 2756 atque
382 2674 418 2738 in
440 2695 587 2738 sermone
609 2675 724 2740 Graeci
752 2675 837 2760 regis
864 2675 985 2739 inesset
1004 2678 1157 2758 quaedam

189 2757 349 2904 permixta
363 2759 563 2823 miserationi
583 2765 641 2823 vis.
680 2761 777 2842 atque
799 2759 846 2823 ita
867 2781 905 2824 eo
921 2760 972 2824 die
989 2761 1157 2825 consilium

152 2861 177 2899 ao
211 2842 371 2906 imittitur.
421 2843 477 2906 sed
504 2844 628 2928 legatos
656 2844 819 2927 Antenor,
853 2844 903 2908 vir
929 2844 1102 2928 hospitalis
1132 2849 1158 2908 et

190 2930 316 3008 praeter
346 2930 488 2992 caeteros
517 2928 596 2992 boni
623 2927 816 3012 honestique
846 2931 1000 3011 sectator,
1030 2928 1157 2994 domum

191 3009 232 3072 ad
254 3032 287 3074 se
309 3011 455 3076 volentes
477 3010 614 3077 deducit.

274 3093 348 3160 VH.
384 3095 518 3160 interim
532 3097 642 3180 paucis
661 3099 739 3181 post·
757 3096 868 3160 diebus
883 3096 1074 3162 Alexander
1091 3119 1160 3162 curn

191 3200 288 3262 supra
317 3179 410 3244 dictis
439 3180 610 3245 comitibus
639 3180 744 3265 venit,
778 3180 937 3245 Helenam
971 3203 1082 3247 secum
1108 3182 1161 3246 ha·

258 3315 297 3366 VI
315 3316 409 3366 Malal.
429 3319 485 3368 122.

260 3451 417 3516 rapacius
438 3452 486 3502 GB
546 3455 578 3503 21
598 3453 722 3504 obiectas
740 3453 766 3502 B
827 3457 860 3504 22
879 3455 1024 3520 praesenti
1042 3471 1091 3506 om.
1106 3454 1162 3505 GB.

191 3520 252 3571 odd,
271 3521 297 3568 P
328 3519 479 3570 Perizonius
497 3522 583 3572 maluit
601 3521 758 3586 praesentis
810 3523 843 3573 29
861 3523 1047 3588 permyxtad
1084 3524 1164 3572 mise-

190 3586 309 3638 rationis
326 3587 398 3650 libri,
418 3585 556 3652 Obreettus
574 3588 756 3640 miserationi.
