2460 3940
346 210 394 258 ou
417 210 479 258 ma
502 211 634 260 nsanos
657 211 731 260 car.
749 213 795 260 vr.
1015 200 1054 262 11

77 368 119 409 eo
145 347 317 410 alimentum
338 350 378 410 ita
401 349 498 410 trabat
519 357 566 420 ut,
597 369 665 411 cum
687 351 783 412 editus
805 359 863 421 est,
896 370 931 413 ex
952 355 1054 415 matris

76 433 238 494 uberibus.

149 517 288 579 Ceterum
310 524 344 578 ut
364 535 462 580 mares
483 519 647 580 laminaeve
666 527 828 581 nascantur
855 520 925 599 quid
947 539 1053 584 causae
1071 533 1088 582 4

78 608 177 672 esset,
199 605 279 664 varie
294 601 331 662 ab
352 601 445 664 isdem
461 601 644 682 pbilosophis
665 605 815 683 proditum
837 611 890 666 est.
932 623 1000 666 nam
1017 625 1054 667 ex

38 700 57 748 5
78 706 144 768 quo
160 694 285 766 parente
306 688 428 749 seminis
442 686 568 766 amplius
583 689 650 759 luit,
677 690 738 749 eius
754 707 857 750 sexum
877 707 1052 767 repraesen-

78 773 141 832 tari
162 771 234 831 dixit
249 770 418 833 Alcmaeon.
456 789 492 831 ex
513 773 675 834 seminibus
696 780 793 834 autem
808 773 994 836 tenuioribus
1009 775 1053 836 ie·

78 857 190 925 minas,
207 875 241 916 ex
258 855 445 918 densioribus
461 874 559 918 mares
574 857 638 918 lieri
649 858 768 936 Hippon
784 857 928 919 adfirmat.
955 859 1053 920 utrius
1071 871 1087 920 5

76 957 155 1000 vero
176 940 308 1018 parentis
328 941 507 1018 principium
530 941 630 1002 sedem
653 944 738 1020 prius
759 944 961 1020 occupaverit,
988 944 1053 1004 eius

77 1024 169 1085 reddi
195 1031 329 1085 naturam
352 1025 537 1085 Democritus
564 1025 690 1087 rettulit:
721 1033 750 1087 at
775 1028 853 1089 inter
879 1046 911 1088 se
938 1033 1053 1088 certare

20 1123 58 1171 10
78 1110 211 1171 feminae
228 1116 257 1169 et
271 1110 375 1178 maris,
399 1116 428 1170 et
443 1127 535 1188 penes
556 1118 655 1171 utrum
676 1112 800 1172 victoria
816 1113 868 1180 sit,
891 1113 954 1172 eius
971 1111 1052 1172 babi-

77 1203 146 1254 tum
167 1195 273 1254 referri
294 1202 398 1255 auctor
425 1201 469 1254 est
488 1193 688 1256 Parmenides,
727 1214 764 1256 ex
785 1195 896 1256 dextris
917 1195 1053 1276 partibus
1071 1201 1087 1250 6

80 1278 210 1358 profuso
225 1279 338 1338 semine
360 1296 457 1340 mares
472 1281 568 1358 gigni,
593 1287 622 1340 at
638 1299 653 1340 e
670 1278 758 1340 laevis
774 1279 915 1349 feminas,
937 1283 1052 1340 Anaxa·

80 1381 174 1441 goras
189 1361 442 1442 Empedoclesque
458 1366 661 1432 consentiuot3
685 1381 810 1442 quorum
832 1365 1001 1442 opiniones,
1020 1371 1055 1424 ut

78 1449 120 1508 de
146 1447 202 1508 bac
227 1449 325 1525 specie
351 1465 515 1527 congruae,
546 1449 582 1509 ita
611 1448 647 1508 de
673 1447 863 1509 similitudine
887 1447 1052 1510 liberorum

20 1545 57 1594 15
78 1530 248 1610 dispariles.
279 1549 443 1611 superque
459 1551 491 1592 re
507 1531 702 1609 Empedocles
717 1533 863 1610 disputata
879 1533 993 1594 ratione
1009 1542 1051 1592 ta·

77 1618 121 1678 lia
137 1617 282 1692 protatur.
313 1619 338 1676 si
353 1634 407 1695 par
422 1615 504 1677 calor
519 1619 550 1676 io
565 1625 721 1695 parentum
737 1617 899 1678 seminibus
914 1619 983 1689 luit,
1000 1635 1051 1696 pe·
1070 1625 1085 1673 7

77 1702 122 1761 tri
143 1699 268 1762 similem
289 1718 401 1762 marem
422 1704 594 1780 procreari;
624 1703 648 1762 si
669 1702 778 1778 frigus,
803 1702 942 1763 seminam
964 1703 1052 1762 matri

77 1783 219 1846 similem.
251 1785 328 1864 quod
350 1787 374 1846 si
395 1786 487 1863 patris
509 1785 630 1846 calidius
652 1788 707 1846 erit
728 1794 758 1846 et
779 1786 916 1864 frigidius
937 1787 1049 1854 matris,

78 1887 211 1951 puerum
228 1869 293 1930 lore
309 1872 360 1946 qni
376 1871 479 1930 matris
493 1869 591 1930 voltus
606 1876 825 1949 repraesentet:
842 1871 911 1932 atsi
927 1869 1051 1932 calidius

20 1969 57 2018 20
76 1956 200 2024 matris,
231 1955 323 2031 patris
349 1962 447 2016 autem
468 1954 558 2016 luerit
584 1954 734 2032 frigidius,
765 1952 894 2033 puellam
920 1952 1051 2014 luteram

82 2057 163 2118 qnae
178 2040 271 2118 patris
286 2038 392 2100 reddat
406 2038 638 2099 similitudinem.
668 2041 858 2116 Anaxagoras
873 2044 971 2098 autem
988 2039 1051 2098 eius
1069 2047 1085 2096 8

14 2161 15 2166 κ
76 2125 218 2203 parentis
238 2123 342 2184 faciem
357 2123 473 2186 referre
488 2123 600 2184 liberos
614 2123 767 2192 iudicavit,
789 2125 839 2200 qui
854 2123 974 2183 seminis
989 2140 1051 2182 am·

75 2208 159 2288 plius
176 2207 356 2269 contulisset.
392 2215 523 2268 ceterum
540 2207 724 2268 Parmenidis
739 2208 885 2268 sententia
901 2213 960 2274 est,
983 2224 1051 2266 cum

77 2294 224 2355 dexterae
250 2298 349 2370 partes
374 2294 487 2353 semina
508 2292 659 2362 dederint,
689 2299 759 2353 tunc
787 2291 863 2354 tilios
889 2310 953 2354 esse
974 2292 1052 2369 patri

22 2391 57 2440 25
77 2375 267 2444 consimiles,
284 2395 351 2438 cum
367 2376 481 2448 laevae,
497 2385 567 2438 tunc
582 2378 680 2438 matri.

146 2462 287 2540 Sequitur
298 2461 334 2521 de
350 2463 484 2540 geminis,
502 2463 554 2540 qui
569 2470 600 2522 ut
616 2460 773 2540 aliquando
785 2468 944 2540 nascantur
961 2461 1050 2522 modo
1069 2468 1085 2518 a

76 2547 205 2608 seminis
226 2547 290 2606 lieri
306 2546 425 2626 Hippon
446 2555 602 2608 natusest:
624 2546 654 2606 id
677 2549 839 2608 enimcum
860 2545 986 2625 amplius
1008 2553 1052 2606 est

77 2650 172 2712 quam
200 2632 251 2692 uni
273 2631 432 2701 satisfuit,
464 2630 601 2692 bilariam
621 2631 737 2691 deduci.
785 2631 815 2691 id
837 2633 932 2709 ipsum
956 2631 1051 2692 ierme
1070 2638 1102 2686 10

78 2793 288 2802 -‘-.-—----.

149 2887 176 2935 4.
203 2899 304 2935 nantes
327 2899 362 2933 aa
385 2883 489 2935 hisdem
513 2885 537 2934 D
606 2885 631 2937 6,
660 2895 791 2934 aucmeon
813 2882 872 2932 DV
936 2884 960 2931 ’1.
984 2881 1052 2946 hyp-

75 2968 136 3019 pon
158 2952 187 3002 V
252 2955 276 3003 9.
294 2951 390 3002 retulit
411 2952 436 3000 V
487 2950 521 3002 ab
539 2953 564 3002 Ι)
633 2953 674 3001 10,
693 2962 818 3001 remanes
836 2949 892 2999 DV
897 2946 914 3012 ¹,
933 2949 1052 3000 feminas

74 3040 108 3070 m.
130 3024 230 3073 recto
253 3020 278 3069 V
310 3051 312 3056 ,
345 3031 439 3069 menes
460 3035 492 3070 er
510 3032 616 3084 paeues
634 3019 693 3068 DV
758 3013 992 3083 11.ex]eo1)V

77 3093 121 3140 13.
142 3085 372 3153 enpebocnesque
392 3087 445 3136 DV
514 3088 554 3140 15.
572 3085 719 3151 dispariles
737 3089 802 3135 sunt
819 3085 916 3136 Iabnus
969 3099 1053 3148 eupe-

75 3156 187 3207 bocnes
211 3155 266 3206 DV
331 3153 403 3205 talia
421 3155 547 3219 profatur
571 3155 759 3216 decimonono,
784 3167 863 3204 rents
886 3166 1053 3216 paoaexnun

77 3223 140 3272 DV
208 3225 247 3273 17.
272 3237 426 3288 paopaeaat
449 3222 474 3271 D
544 3222 631 3286 frigus
651 3223 757 3284 Carrio,
789 3219 912 3286 amicabus
930 3219 989 3269 DV

78 3293 193 3342 18-20.
214 3289 326 3340 carabus
345 3315 378 3326 --
397 3289 501 3356 necibus
521 3289 651 3354 (frigidus
672 3288 709 3352 V)
729 3313 764 3328 -
781 3287 895 3338 cacabus
914 3313 947 3322 —-
966 3300 1053 3352 enter-

78 3358 133 3408 δυσ
145 3358 210 3418 DV,
228 3374 296 3407 corr.
310 3357 407 3408 Iabous
477 3360 517 3409 19.
530 3373 636 3407 nunnus
648 3357 682 3422 D,
701 3356 806 3407 uultum
820 3355 867 3406 dV
934 3357 975 3405 23.
989 3368 1052 3405 sen·

79 3427 175 3476 tentia
193 3426 252 3487 dV,
278 3439 375 3475 serrata
394 3426 418 3474 D
487 3427 529 3475 24.
553 3425 659 3475 semina
682 3441 729 3474 om.
751 3424 779 3472 V
843 3425 1053 3473 iderswerda

80 3495 114 3554 D,
128 3495 232 3544 carrd
287 3492 452 3558 27.hypp0u
468 3493 493 3542 V
545 3494 661 3546 estcdd.
674 3492 767 3542 Carrio
823 3492 865 3542 28.
878 3489 1051 3551 diducioulpo
