2424 3938
145 189 189 254 22
472 189 629 246 Danaus
647 190 800 247 PHRYGII

234 331 339 400 XVII.
384 333 512 400 Interea
529 334 629 420 legati
647 334 739 400 missi
753 333 794 400 ad
807 332 973 400 Priamum
986 338 1131 422 veniunt.
1204 376 1206 391 ι

144 420 256 487 Ulixes
288 421 442 488 mandata
462 422 729 508 'Agamemnonis
760 423 871 504 refert,
902 425 1062 508 postulat,
1094 430 1131 490 ut

144 509 271 576 Helena
295 516 328 576 et
354 511 473 596 praeda
495 505 646 576 reddatur
673 511 816 596 satisque
839 509 971 577 Graecis
995 513 1065 596 fiat,
1093 519 1130 580 nt

145 599 275 683 pacifice
303 599 477 665 discedant
526 599 673 664 Priamus
703 599 837 664 iniurias
864 599 1129 686 Argonautarum

117 692 388 772 seommemorac,
406 687 508 773 patris
526 688 705 771 interitum,
724 686 838 752 Troiae
856 690 1130 773 expugnationem

145 779 178 839 et
200 773 362 842 Hesionae
390 776 510 841 sororis
538 777 738 858 servitutem,
768 775 904 861 denique
927 777 1129 842 Antenorem

144 863 287 948 legatum
319 886 392 930 oum
428 864 565 945 miserit,
602 885 698 949 quam
734 865 964 929 contumeliose
1002 865 1044 929 ab
1083 866 1128 930 eis

144 954 301 1018 tractatus
325 953 380 1035 sit,
406 973 519 1036 pacem
546 951 707 1035 repudiat,
733 951 853 1017 bellum
877 952 1003 1036 indicit,
1031 952 1128 1018 Grae·

145 1058 255 1104 corum
286 1041 410 1126 legatos
448 1040 487 1104 de
519 1039 636 1104 finibus
668 1039 779 1124 repelli
810 1039 908 1105 iubet.
962 1041 1063 1125 legati
1094 1042 1128 1104 in

105 1143 131 1182 ιο
145 1131 250 1192 castra
271 1126 436 1193 Tenedum
458 1132 662 1192 revertuntur
682 1128 905 1192 renuntiantes
927 1150 1128 1212 responsum.
1204 1147 1205 1150 ’

144 1235 195 1280 res
219 1217 366 1282 consulto
390 1215 520 1302 geritur.
1189 1227 1192 1233 '

233 1301 354 1368 XVIII.
399 1303 545 1369 Aderant
571 1325 646 1368 vero
676 1303 716 1368 ad
744 1303 898 1368 auxilium
920 1303 1050 1368 Priamo
1074 1304 1127 1368 ad-

120 1399 254 1456 'versus
288 1391 426 1458 Graecos
459 1392 626 1457 ducatores
658 1391 693 1455 hi
723 1412 795 1456 cum
828 1392 1019 1456 exercitibus
1053 1393 1128 1474 suis,

144 1501 281 1564 quornm
303 1481 437 1546 nomina
459 1483 492 1544 et
513 1479 695 1564 provincias
714 1479 924 1544 insinuandas
943 1501 1013 1544 esse
1038 1480 1126 1544 duxi-

103 1581 129 1624 15
143 1588 229 1632 mus:
253 1568 292 1632 de
315 1567 402 1632 Zelia
424 1567 590 1632 Pandarus
618 1566 778 1651 Amphitus
799 1566 972 1650 Adrastus,
1002 1568 1041 1632 de
1068 1566 1127 1633 Co-

143 1655 297 1738 lophonis
319 1655 457 1738 Mopsus,
474 1657 524 1722 dc
549 1653 691 1738 Pherusa
717 1654 829 1736 Asius,
858 1655 896 1719 de
924 1654 1023 1720 Caria
1050 1655 1127 1720 Ani-

141 1741 331 1826 phimachus
361 1741 494 1826 Nastos,
524 1743 562 1808 de
590 1741 688 1827 Lycia
711 1741 876 1826 Sarpedon
904 1741 1061 1828 Glaucus,
1089 1744 1126 1808 de

142 1829 254 1896 Larisa
272 1831 471 1916 Hippothous
491 1835 524 1896 et
542 1827 700 1914 Cupesus,
724 1831 762 1895 de
779 1827 911 1896 Ciconia
929 1829 1126 1915 Euphemus,

143 1919 181 1983 de
204 1919 342 1985 Thracia
359 1919 452 1984 Pirus
472 1924 505 1983 et
521 1920 675 2002 Acamas,
698 1919 737 1982 de
760 1917 902 1983 Paeonia
918 1915 1127 2002 Pyraechmes

144 2026 446 2127 *Em-forem
466 2057 604 2112 cretenau
622 2057 649 2111 11
666 2063 701 2112 aa

213 2187 229 2235 2
248 2182 383 2236 mandata
400 2181 499 2250 carpsi
516 2195 577 2234 eam
591 2179 622 2234 F
638 2179 789 2235 conlaudat
802 2177 859 2234 LG
874 2180 878 2247 ῐ
894 2178 980 2234 refert
999 2179 1026 2234 G
1063 2179 1129 2234 isin

142 2250 212 2318 quid
229 2251 255 2304 L
327 2249 525 2374 setbpraeda
548 2267 599 2332 cuc.
623 2250 649 2306 G
669 2253 673 2319 Ι
695 2249 818 2320 Graecis]
842 2249 970 2332 regist·
1020 2250 1129 2320 4paci-

142 2321 205 2391 fiee]
225 2336 377 2391 cumpace
420 2395 444 2432 ts
496 2321 668 2376 chenonem
682 2320 709 2373 L
780 2322 986 2375 ‘loommnent
1009 2321 1036 2388 (o
1058 2335 1127 2374 corr.

141 2441 565 2569 constitututis
600 2450 681 2568 0⁹05?
697 2439 795 2568 att
830 2441 1023 2594 (11ῗέῗὲῐὲοέ
1036 2449 1129 2566 vall

141 2581 199 2638 LG
271 2588 303 2637 15
323 2582 456 2654 amphion
474 2585 501 2638 L
536 2601 640 2654 ampon
660 2583 694 2649 G,
707 2583 806 2651 scripsi
819 2583 957 2692 Amphrus
973 2585 977 2650 1
994 2581 1131 2637 adtactus

142 2653 168 2707 G
184 2657 187 2724 1
205 2653 239 2707 de
249 2653 390 2710 colofonia
403 2655 478 2720 libri,
492 2672 530 2710 cu
540 2655 574 2710 de
583 2653 686 2708 Arisba
699 2653 881 2708 combardum.
963 2659 996 2707 16
1010 2651 1131 2723 Mopsus

142 2725 206 2778 add.
227 2724 380 2780 Merocrc'us
396 2727 399 2794 1
417 2725 452 2780 de
470 2725 511 2780 Ph
546 2725 595 2796 gia
613 2741 626 2779 e
647 2725 802 2780 coniectura
821 2723 910 2777 adieci
925 2725 929 2790 1
945 2722 1050 2778 mosius
1070 2722 1131 2778 LG

141 2796 241 2864 scepei
263 2795 346 2850 Asius
367 2798 371 2865 Ι
392 2795 426 2851 de
449 2811 499 2850 om.
555 2795 581 2850 G
609 2795 699 2850 boba
723 2793 770 2862 Vl
791 2809 871 2848 caras
893 2791 951 2848 LG
992 2791 1064 2847 caris
1098 2794 1131 2862 V,

67 2867 68 2870 ’
143 2863 226 2920 Caria
246 2867 356 2921 uiddor
379 2867 526 2922 correctore
548 2865 716 2920 Dederdcbus
780 2869 812 2917 17
832 2863 867 2918 de
884 2862 1033 2932 helyconia
1051 2863 1131 2919 eufe-

128 2951 204 2990 ’mus
229 2937 292 2992 add.
323 2937 350 2991 L
377 2942 443 3006 poet
473 2936 694 3008 Amphimachus
715 2937 719 2995 l
739 2935 851 2989 nesteus
879 2933 905 2986 L
949 2933 1068 2988 Manena
1105 2935 1132 2990 G

141 3007 245 3062 Nastos
266 3007 419 3062 Meroetica
435 3010 439 3076 Ι
455 3007 522 3062 licia
539 3006 597 3062 LG
612 3010 616 3074 l
632 3004 783 3062 clausnsG
819 3003 932 3060 claucus
945 3003 974 3058 L
1008 3003 1131 3076 glaucus

141 3077 190 3146 F!
202 3083 267 3148 poet
290 3076 412 3132 Glaucus
435 3077 498 3132 cdd.
518 3077 555 3132 G:
580 3077 614 3132 de
640 3075 759 3132 eliconia
782 3074 897 3130 eufenus
971 3080 1003 3130 18
1027 3074 1132 3146 hippo·

141 3151 188 3203 tus
220 3147 262 3203 θ’
298 3147 413 3217 hipotus
438 3148 464 3201 L
550 3145 729 3218 Hippothous
759 3145 912 3200 Macram
934 3148 938 3214 Ι
961 3144 1071 3200 ciconia
1101 3147 1131 3200 B

143 3218 253 3274 cixonia
270 3217 327 3274 LG
343 3221 347 3285 Ι
362 3235 455 3274 remus
478 3217 536 3272 Le
608 3223 640 3272 19
664 3215 755 3272 tracia
776 3214 835 3271 La
850 3218 854 3284 Ι
870 3215 947 3284 pirus
970 3215 998 3269 R
1034 3215 1131 3285 pirrus

141 3287 169 3340 B
205 3289 296 3358 pileus
315 3288 342 3341 L
376 3289 524 3357 phylemus
544 3287 570 3342 G
589 3289 593 3356 l
615 3287 739 3342 alaumus
758 3285 785 3340 L
826 3284 1017 3341 calcamusG
1056 3287 1129 3340 Aca·

143 3371 204 3408 mas
219 3359 371 3411 Meroetica
386 3361 390 3424 Ι
406 3357 529 3426 phoenia
542 3357 568 3411 L
584 3357 588 3427 Ι
604 3361 791 3428 pretemeseus
806 3357 940 3426 trophens
955 3356 981 3409 L
1016 3359 1130 3426 praete·

142 3439 236 3476 mesus
264 3426 395 3494 teropsus
423 3427 449 3480 G
497 3426 603 3482 loemer
635 3431 664 3482 et
695 3432 840 3497 astropeus
868 3425 899 3480 F
941 3427 1129 3496 Pyraechmes

133 3492 332 3557 .Asteropaeus
351 3495 527 3550 Dedcrdcbua.
