2416 3944
336 229 447 281 nsum
464 193 617 280 morsui
632 229 702 278 ura.
721 228 757 279 11.
988 226 1029 288 21

64 379 224 463 spondens
246 379 390 462 ipsorum
404 378 512 462 potius
528 378 574 442 ait
588 377 682 462 eulpa
703 377 834 462 fautum,
851 378 937 462 quod
952 379 1030 442 ami-

64 465 206 528 cissimos
229 468 262 528 et
283 464 410 527 iunctos
433 463 495 528 sibi
516 463 643 547 generis
658 463 824 527 adfinitate
846 483 947 548 regno
971 485 1028 527 suo

65 548 215 632 adpulsos
243 547 456 633 ignoraverit:
490 547 741 630 praemittendos
769 548 888 612 etenim
919 547 1029 630 fuisse,

63 655 117 717 per
132 653 215 718 quos
231 633 362 718 cognito
378 653 489 697 eorum
505 632 644 697 adventu
660 632 788 696 obviam
806 632 852 696 ire
867 631 1031 717 gratulan-

63 724 125 782 tem
140 717 322 802 oportuerit
336 721 432 800 atque
448 716 547 781 amioe
564 715 706 801 hospitio
722 720 867 800 receptos
882 719 1055 782 donatos-u

65 823 123 886 que
134 801 333 884 muneribus,
349 823 421 864 eum
435 800 637 865 commodum
648 802 726 885 ipsis
740 801 910 884 videretur,
924 801 1032 877 remit-

65 893 140 950 tere.
181 890 322 950 oeterum
337 885 485 950 militiam
507 885 677 950 adversum
690 885 854 950 Priamum
870 907 1030 950 recusare:

64 969 251 1054 Astyochea
266 971 353 1034 enim
367 969 488 1034 Priami
510 970 652 1035 iunctam
675 970 736 1034 sibi
752 970 969 1053 matrimonio,
993 992 1032 1034 ex

65 1077 126 1138 qua
139 1054 328 1142 Eurypylus
350 1055 480 1140 genitus
502 1055 697 1119 artissimum
718 1053 893 1120 adfinitatis
913 1055 1032 1140 pignus

62 1139 281 1204 intercederet.
307 1139 380 1202 dein
395 1159 532 1223 propere
546 1140 766 1222 popularibus,
782 1141 830 1204 uti
845 1142 885 1204 ab
900 1141 1030 1223 incepto
1046 1146 1070 1197 ἰο

63 1223 260 1308 desisterent,
283 1224 428 1288 nuntiari
448 1223 553 1288 iubet:
576 1227 672 1308 atque
694 1225 740 1293 ita
756 1225 876 1289 nostris
898 1224 1032 1288 liberam

64 1308 245 1390 egrediendi
260 1308 395 1372 navibus
410 1311 603 1392 potestatem
622 1308 790 1392 permittit.
828 1307 1032 1390 Tlepolemus

65 1397 94 1455 et
115 1392 172 1476 qui
197 1413 269 1456 oum
296 1413 334 1457 eo
364 1396 519 1456 venerant
543 1391 710 1476 Eurypylo
737 1391 909 1456 traduntur
935 1391 1032 1475 hique

64 1477 214 1559 perfectis
236 1498 317 1560 quae
340 1477 508 1561 cupierant
529 1476 569 1540 ad
596 1497 694 1540 naves
719 1480 860 1562 pergunt
881 1477 1033 1541 nuntian-

64 1566 108 1706 ἕεις
135 1562 388 1709 Agamemnopil
404 1583 453 1709 apl
463 1561 595 1644 reliquis
617 1561 746 1646 regibus
768 1582 879 1646 paoem
901 1577 1070 1626 concor-15

84 1667 212 1730 iamque
236 1666 309 1710 oum
359 1667 429 1729 eep
455 1667 484 1712 0.

145 1729 205 1794 VI.
251 1728 339 1805 Quae
361 1730 417 1793 ubi
439 1751 604 1813 accepere,
633 1733 822 1813 apparatum
850 1730 927 1794 belli
954 1730 1032 1794 laeti

65 1815 228 1879 omittunt.
281 1814 355 1880 dein
384 1836 422 1878 ex
450 1814 576 1879 eonsilii
603 1815 762 1879 sententia
792 1815 933 1879 Achilles
961 1836 1033 1878 eum

65 1899 159 1962 Aiaoe
194 1898 234 1962 ad
267 1897 446 1981 Telephum
478 1919 668 1982 pervenere,
709 1920 844 1982 eumque
877 1899 1032 1962 iactatum

64 1982 368 2129 pagnisddoloribus
392 1983 560 2066 consolati,
583 1987 619 2047 ut
634 1982 771 2047 viriliter
792 1983 1031 2080 incommodum
1045 2001 1070 2040 20

65 2070 188 2232 sitta
205 2067 1034 2236 titt?ttttusttfftttutttttttt

65 2255 102 2298 ne
119 2236 274 2299 nuntium
288 2234 418 2318 quidem
432 2235 587 2300 adventus
610 2235 659 2299 sui
674 2235 923 2319 praemisissent.
958 2235 1032 2300 dein

65 2323 281 2402 percontatur,
305 2320 437 2404 quinam
460 2325 492 2385 et
514 2321 627 2403 quanti
641 2319 815 2404 Pelopidae
838 2321 873 2384 in
896 2343 933 2385 ea
951 2320 1034 2385 mili-

64 2404 107 2467 tia
128 2407 238 2468 essent
259 2404 435 2488 doctusque
457 2405 567 2470 multis
591 2405 739 2489 precibus
762 2408 849 2489 orat,
879 2405 977 2470 ulad
999 2427 1032 2469 se
1046 2421 1072 2462 ²5

66 2509 175 2552 omnes
198 2490 341 2553 veniant.
387 2493 464 2554 tune
486 2491 590 2555 nostri
612 2489 754 2554 fauturos
776 2510 915 2572 sequae
937 2490 1035 2554 vellet

64 2573 199 2654 polliciti
222 2573 413 2638 desiderium
433 2575 520 2660 regis
543 2574 675 2658 reliquis
697 2575 896 2639 nuntiavere.
934 2575 946 2638 i
973 2575 1035 2639 ’tur

66 2677 182 2800 pmnes·
202 2657 376 2741 Pelopidae
405 2663 532 2758 praeter
560 2662 837 2808 {ilgpmlemlponem
865 2663 898 2756 et
962 2681 1035 2806 enp-

65 2761 208 2912 tplplrplup
217 2748 574 2913 griiunlaiiuiirgiiegaatiiui
597 2748 1034 2975 laptietpaeuiprppppppipmspa
1046 2845 1072 2884 ³0

66 2911 131 2995 regi
160 2909 322 2994 optulere:
352 2933 388 2976 ae
418 2911 531 2978 deinde
558 2913 744 2978 muneribus
783 2913 903 2998 argiter
924 2911 1035 2976 donati

66 2992 204 3079 hospitio
232 2996 440 3079 recipiuntur.
490 3020 595 3082 neque
624 3003 734 3062 tamen
762 2997 854 3061 miles
882 2997 1035 3081 reliquus,

67 3080 120 3160 qui
154 3080 239 3164 apud
270 3102 371 3145 naves
402 3085 486 3166 erat,
525 3081 764 3148 munificentiae
800 3082 885 3168 regis
922 3102 1035 3165 expers

66 3161 141 3248 luit,
168 3186 308 3249 namque
337 3187 376 3230 ex
402 3188 538 3232 numero
567 3168 698 3232 navium
732 3167 929 3232 frumentum
960 3165 1035 3230 alia·

132 3437 337 3504 thospieioG
389 3440 516 3506 fiipsins
537 3439 584 3490 ΕΒ
636 3439 857 3490 8astiochenG
925 3441 1036 3500 9eury·

67 3502 177 3565 pilusG
249 3509 282 3558 23
310 3507 544 3574 praemissentG
612 3507 645 3557 2‘1
668 3506 806 3558 desiderio
831 3505 867 3558 0¹
938 3505 1036 3555 321ιο-

68 3571 151 3634 spicio
171 3572 218 3624 ΕΒ
233 3572 237 3640 Ι
253 3575 402 3641 recipiunt
415 3575 443 3626 G.
