2416 3944
5 217 30 451 Β

388 219 501 270 BELLI
519 218 673 272 TROIANI
690 220 760 270 LIB.
778 220 830 273 111.
1052 219 1094 284 65

127 371 191 436 hoc
213 371 331 456 exiguo
346 369 461 453 spiritu
483 368 579 433 simul
594 368 728 433 auferes,
765 369 876 434 adsum
899 371 995 454 ultro,
1010 371 1093 436 nihil

125 449 292 539 §precou
314 454 366 518 vel
381 453 409 518 si
430 454 476 518 ita
491 453 579 518 cordi
595 457 651 537 est,
675 455 756 518 habe
778 454 813 518 in
836 455 980 520 custodia
995 457 1094 555 capti-

18 569 27 593 ι
129 532 248 625 η’ωὲίε.
285 539 500 622 nequeenim
521 537 602 604 mihi
630 539 801 622 quicquam
828 539 892 603 iam
921 562 958 604 su
981 561 1093 606 enoris

5 663 23 716 n

128 621 279 693 tertunae
306 623 467 706 reliquum
499 626 562 704 est,
598 625 716 706 quippe
750 623 921 688 interfecto
988 629 1094 690 ectore

122 711 246 776 cuncta
267 707 360 794 regni
375 708 551 773 concidere.
588 709 644 772 sed
666 707 694 771 si
715 709 779 772 iam
796 706 948 776 Graeciae
967 709 1119 774 univer-5

129 811 184 862 see
207 793 249 857 ob
270 813 417 856 meorum
438 791 520 856 male
543 791 690 857 consulta
716 792 794 856 satis
814 813 992 876 poenarum
1014 793 1096 858 filio-

130 897 203 947 rum
221 877 384 962 sanguine
412 879 445 941 et
465 877 544 941 meis
567 877 728 942 aerumnis
752 877 902 960 [persolvi
908 926 917 961 ,
945 879 1095 942 miserere

128 960 256 1048 aetatis]
286 965 320 1026 at
342 960 423 1025 ¹deos
444 960 628 1027 recordatus
649 966 799 1045 retorque
821 962 947 1027 animos
969 961 1009 1026 ad
1030 965 1097 1046 pie-

127 1051 245 1112 tatem:
268 1045 407 1113 concede
428 1046 570 1129 parvulis
593 1046 699 1110 saltim
726 1068 793 1110 non
820 1046 961 1110 animam
982 1069 1096 1130 paren-

10 1151 36 1204 :
129 1131 171 1199 fis
200 1131 256 1194 sed
284 1129 419 1194 cadaver
446 1129 702 1214 deprecantibus,
751 1131 862 1196 veniat
888 1132 923 1195 in
951 1132 1133 1196 animumn

128 1214 309 1280 recordatio
337 1215 481 1298 parentis
508 1215 558 1279 tui
589 1236 699 1279 omnes
727 1235 819 1279 curas
841 1216 1031 1300 vigiliasque
1060 1217 1096 1280 in

127 1303 162 1364 te
186 1302 343 1382 tuomque
368 1298 504 1364 salutem
537 1299 753 1382 inpendentis.
808 1299 863 1363 sed
891 1299 940 1363 illi
966 1300 1096 1383 quidem

130 1385 248 1450 cuncta
269 1387 445 1448 secundum
467 1405 525 1447 sua
546 1387 622 1448 vota
642 1383 837 1467 proveniant
857 1384 1017 1468 longeque
1040 1385 1096 1448 ali-

127 1471 179 1533 ter
200 1489 242 1532 ne
266 1489 305 1532 ue
327 1469 392 1531 mei
414 1468 551 1532 similem
573 1471 734 1538 senecioni
756 1467 838 1552 dege
853 1469 882 1532 ‘t

215 1552 247 1616 X
312 1603 320 1619 .
363 1552 491 1619 Interea
512 1553 589 1617 dnm
610 1552 689 1617 haec
716 1557 959 1636 commemorat,
987 1553 1133 1636 paula-15

128 1637 191 1704 tim
212 1637 321 1702 animo
344 1636 477 1702 deficere
499 1659 536 1702 ac
558 1637 691 1702 dissolvi
705 1637 865 1720 membris,
888 1636 963 1702 dein
986 1638 1096 1702 obmu-

128 1717 251 1802 tescere
286 1721 417 1804 occipit,
458 1721 544 1805 quod
577 1723 794 1805 spectaculum
827 1721 924 1806 longe
958 1722 1097 1786 miserri-

130 1827 220 1869 mum
242 1806 407 1888 omnibus,
436 1805 583 1890 quitum
606 1805 753 1890 aderant,
781 1806 885 1871 dolori
905 1805 977 1870 fuit.
1022 1807 1096 1870 dein

129 1890 359 1954 Andromacha
386 1890 538 1974 parvulos
561 1889 709 1956 Hectoris
735 1891 819 1955 filios
847 1894 921 1954 ante
944 1889 1096 1954 Achillen

129 1975 321 2059 prosternit,
343 1976 414 2058 ipsa
435 1975 513 2040 fletu
534 1975 734 2039 lamentabili
757 1996 868 2057 orans,
891 1974 940 2037 uti
962 1973 1024 2038 sibi
1046 1995 1095 2038 ca·
1108 1993 1133 2034 20

130 2059 240 2124 darer·
258 2059 404 2144 coniugis
438 2059 557 2122 intueri
589 2059 697 2124 saltim
725 2057 961 2124 concederetur.
1012 2058 1098 2122 inter

130 2144 211 2208 haec
243 2147 310 2208 tam
346 2142 528 2208 miseranda
554 2143 702 2208 Phoenix
730 2142 895 2206 Priamum
929 2142 1096 2207 sustollere

130 2232 227 2310 atque
255 2228 303 2292 uti
330 2228 473 2292 animum
501 2229 657 2311 reciperet
683 2227 821 2302 hortari„
860 2230 930 2291 tum
958 2247 1014 2290 rex
1041 2227 1097 2291 ubi

130 2313 168 2378 in
182 2313 384 2396 aliquantum
400 2312 538 2377 revolvit
553 2313 710 2396 spiritum,
733 2313 825 2376 nixus
841 2311 976 2396 genibus
999 2315 1096 2394 atque
1131 2339 1133 2344 ·

128 2401 269 2487 *reque
284 2419 381 2462 manu
397 2401 495 2480 caput
511 2397 669 2461 dilanians
684 2397 761 2480 „ubi
775 2417 862 2461 nunc
877 2397 934 2460 illa
948 2397 1018 2460 est“
1039 2396 1094 2479 ait,
1109 2413 1134 2453 25

173 2503 234 2546 uae
249 2480 342 2564 apud
365 2481 504 2546 Graecos
525 2482 695 2566 praecipue
717 2485 786 2546 erat
812 2482 896 2546 iusta
921 2480 1098 2544 misericor·

122 2503 211 2645 xla?
241 2587 284 2630 an
306 2565 410 2630 solnm
433 2567 467 2629 in
489 2565 654 2630 Priamum
676 2564 992 2631 circumscribitur‘l“

165 2734 346 2814 edocuisse
369 2741 414 2799 ait
434 2735 518 2800 filios
541 2757 613 2799 eum
640 2757 715 2801 suos
737 2735 830 2800 initio
860 2733 900 2798 ab
928 2755 981 2818 eo,
1012 2733 1098 2816 quod

208 2818 337 2902 iserint‚
366 2818 509 2884 facinore
538 2819 686 2884 cohibere
720 2841 824 2902 neque
852 2820 958 2902 ipsum
986 2838 1097 2881 conce·
1110 2834 1136 2874 ro

118 2959 122 2965 .
154 2903 238 2968 endo
268 2903 352 2968 tanti
379 2903 489 2968 delicti
515 2905 705 2988 participem
732 2903 811 2970 fieri.
861 2907 1002 2986 ceterum
1023 2905 1098 2965 ante

194 2987 386 3052 decennium
413 3009 481 3053 non
507 2989 554 3054 ita
581 2988 739 3056 defessum
768 2990 895 3052 senecta
918 2986 1033 3068 fuisse,
1062 2989 1099 3050 ut

119 3073 199 3155 tuis
229 3071 392 3156 despectui
421 3076 520 3156 esset,
560 3073 615 3138 sed
643 3072 803 3138 obsedisse
830 3071 954 3136 animos
987 3091 1099 3135 eorum

116 2649 339 3077 &xxm
375 2649 508 2734 Iamque
531 2651 680 2716 omnibus
695 2650 805 2716 dolore
819 2650 973 2734 permotis
988 2649 1098 2714 Achil-

118 3238 123 3250 ·
201 3230 216 3278 1
230 3227 326 3276 adsum
339 3243 374 3278 en
385 3229 408 3276 P
419 3229 488 3293 quod
499 3227 638 3278 Obrecttus
654 3243 668 3276 e
680 3230 792 3292 vestiatis
804 3229 865 3278 edit.
877 3227 983 3277 Mediol.
998 3225 1100 3275 addidit

125 3284 148 3344 ³2
171 3295 244 3345 habe
271 3295 292 3345 (ι’
324 3299 442 3358 primitur
463 3295 568 3345 habens
654 3297 669 3345 '1
696 3295 817 3360 persolui
839 3295 970 3344 miserere
997 3293 1100 3343 astatis

130 3379 180 3414 om.
203 3362 251 3412 GB
267 3361 343 3413 tabet
360 3363 385 3412 P
446 3364 504 3414 Sat
524 3361 571 3413 013
606 3378 639 3412 ac
657 3363 682 3411 P
745 3364 774 3412 11
789 3363 817 3410 in
836 3367 862 3412 te
881 3366 1009 3424 tuamque
1027 3361 1099 3410 editt.

131 3436 194 3483 vett.
212 3430 441 3495 intentumqueG
469 3433 606 3480 intentum
623 3435 708 3494 atque
722 3429 746 3478 B
776 3433 850 3479 tuam
869 3430 897 3478 in
914 3429 940 3478 P
997 3429 1028 3478 21
1048 3443 1100 3476 mu-

133 3498 174 3548 b'm
199 3497 280 3548 scribi
305 3497 471 3548 concederet
569 3499 602 3548 24
629 3497 731 3548 refouit
752 3494 800 3562 ΡΙ
820 3496 893 3547 nixis
920 3497 990 3555 libri,
1019 3495 1101 3544 nixus

135 3567 207 3620 editt,
226 3571 288 3620 cett.

184 3655 277 3698 Drcrrs.
560 3643 563 3650 ’
932 3655 947 3702 ὅ
