2460 3940
7 3541 48 3595 ”x

166 163 207 228 96
472 159 603 218 meurs
622 161 824 214 ORETENSIS

167 336 269 412 quare
292 333 411 411 magna
437 313 486 410 yis
513 313 682 377 hominum
713 313 816 410 pertis
844 331 972 410 egressa
1006 333 1136 377 summa

167 401 291 466 laetitia
313 398 533 546 saenfieroque
555 398 673 462 donum
696 401 817 480 exerprt
837 397 1034 496 attrahrtque
1056 419 1135 484 pro-

167 486 240 570 pius
262 483 399 548 moenia.
437 504 470 547 se
512 486 684 566 postquam
701 481 924 568 magnitudine
945 503 1052 566 operis
1074 482 1136 546 im-

167 566 1136 720 stusurreturnarsurvmurfflrfiu

142 677 339 823 ⁵qi⁸isi1i1am
361 759 451 803 senus
472 675 629 821 praeptali
651 737 757 800 studio
773 673 992 801 decernibus
1017 671 1136 800 itaeqin-

169 824 325 889 violatum
347 822 457 888 multis
485 823 729 906 tempestatibus
751 842 917 886 murorum
945 842 1026 905 opus
1047 819 1136 904 Nep

169 909 320 992 tumque,
350 911 387 972 ut
412 906 657 992 perhibebatur,
685 911 781 990 atque
803 905 966 990 Apollinis
993 905 1136 970 maxima

170 997 380 1059 monumenta
399 992 490 1056 nullo
512 991 631 1056 dilectu
652 992 771 1056 uirium
786 991 934 1059 manibus
954 989 1138 1055 dissolvun-

132 1103 157 1143 ιο
170 1081 232 1142 tur.
276 1077 331 1142 sed
358 1080 529 1161 postquam
558 1076 661 1141 maior
687 1097 761 1161 pars
789 1076 894 1160 operis
922 1076 990 1140 eius
1013 1075 1138 1140 deiecta

105 1195 108 1202 ·
171 1167 228 1246 est,
251 1161 397 1227 consulto
425 1182 445 1225 a
467 1161 597 1226 Graecis
619 1162 842 1244 intercessum,
870 1159 1138 1226 confirmantibus

170 1269 238 1314 nen
260 1269 293 1312 se
315 1267 465 1331 passuros
494 1245 581 1310 intra
601 1246 730 1311 moenia
750 1245 860 1310 induci
881 1267 1009 1329 equum,
1032 1245 1138 1328 prius-

171 1353 267 1418 quam
295 1331 494 1415 praedictum
525 1331 595 1394 auri
628 1335 725 1415 atque
754 1331 880 1415 argenti
909 1329 1035 1413 pondus
1068 1351 1139 1394 sus-

171 1417 323 1500 ceperint.
368 1416 414 1481 ita
435 1415 618 1480 intermisso
648 1437 744 1498 opere
770 1415 993 1498 semirutisque
1015 1415 1140 1488 moeni·

134 1523 159 1564 1⁵
171 1503 231 1566 bus
262 1499 374 1564 Ulixes
402 1503 534 1565 eunetos
568 1500 708 1565 civitatis
740 1499 898 1564 Troianae
931 1499 1069 1564 artifices
1097 1499 1141 1563 ad

172 1584 357 1649 reficiendas
379 1605 477 1649 naves
499 1585 659 1649 conducit.
696 1585 875 1668 composita
889 1583 963 1648 dein
985 1585 1139 1649 universa

173 1669 282 1752 classe,
299 1668 354 1732 ubi
370 1672 485 1733 cuneta
498 1669 630 1754 navigia
647 1669 805 1735 instructa
826 1673 859 1734 et
872 1669 1052 1753 praemium
1066 1689 1141 1752 per-

173 1753 315 1818 solutum
337 1763 393 1836 est,
416 1753 529 1818 iubent
550 1754 655 1820 nostri
675 1775 829 1839 peragere
852 1754 989 1838 ineepta.
1026 1754 1138 1837 itaque

173 1839 333 1902 destructa
360 1859 525 1902 murorum
554 1841 645 1936 parte
679 1860 752 1903 eum
780 1839 852 1904 ioue
874 1839 1068 1922 lasciviaque
1090 1838 1142 1902 in-

135 1947 160 1988 eo
173 1925 290 1988 duxere
317 1944 435 2007 equum
457 1922 586 1988 femims
613 1924 699 1988 inter
720 1945 754 1988 se
775 1926 871 2007 etque
892 1923 969 1988 viris
992 1923 1142 1988 certatim

173 2007 340 2073 adtrahere
362 2008 599 2072 festinantibus.
899 2059 905 2068 .

258 2093 331 2158 XII.
375 2092 510 2157 Interim
533 2092 663 2176 Graeci,
690 2092 746 2156 ubi
774 2095 889 2158 cuneta
916 2093 1053 2158 navibus
1081 2091 1142 2154 im·

173 2179 280 2262 posita
301 2181 386 2259 sunt,
409 2177 548 2242 incensis
563 2177 708 2242 omnium
722 2177 937 2242 tabernaculis
952 2176 993 2241 ad
1007 2175 1143 2262 Sigeum
1222 2201 1223 2210 ¹

175 2263 336 2342 secedunt,
358 2261 467 2344 ibique
488 2265 617 2326 noctem
645 2263 865 2347 opperiuntur.
908 2262 1000 2326 fessis
1025 2260 1143 2326 deinde

137 2369 162 2410 rs
175 2347 277 2411 multe
300 2346 376 2410 vinu
399 2349 495 2429 atque
517 2367 631 2412 sonmo
646 2347 799 2430 barbaris,
822 2367 903 2431 quae
924 2350 1061 2430 utraque
1107 2367 1143 2410 er

174 2431 330 2496 laetitiam
353 2431 618 2515 securitatemque
646 2432 733 2516 pacis
755 2433 1010 2514 intervenerant,
1033 2367 1138 2495 muito

176 2516 304 2581 silentio
339 2515 380 2580 ad
412 2515 576 2580 civitatem
608 2517 765 2602 navigant
801 2519 965 2581 servantes
988 2515 1140 2600 signum,

176 2600 262 2684 quud
289 2600 359 2684 igni
387 2600 471 2665 elato
501 2599 603 2666 Sinon
636 2600 677 2665 ad
703 2623 773 2666 eam
804 2623 872 2666 rem
905 2601 987 2665 elam
1014 2600 1141 2684 positus

175 2685 348 2750 sustulerat
369 2706 508 2768 moxque
536 2707 647 2751 omnes
673 2691 845 2771 postquam
871 2687 1031 2750 intravere
1054 2705 1142 2748 moe-

138 2771 231 2835 sonia
263 2769 373 2835 divisis
400 2769 485 2834 inter
512 2791 546 2835 se
567 2771 707 2836 civitatis
734 2771 827 2854 loeis,
856 2772 912 2834 ubi
934 2770 1065 2855 signum
1087 2769 1143 2834 da-

174 2860 245 2920 tum
268 2859 323 2939 est,
346 2875 465 2939 magna
486 2855 520 2919 vi
540 2855 670 2920 caedere
693 2877 756 2938 eus,
780 2877 859 2939 quos
881 2856 949 2920 fors
971 2854 1142 2938 obiecerat,

177 2944 272 3022 atque
295 2941 487 3023 optruneare
508 2940 628 3023 passim
649 2961 707 3024 per
722 2940 834 3006 domes
849 2944 945 3024 atque
967 2939 1045 3022 vias,
1068 2938 1143 3003 loea

177 3045 266 3088 saera
287 3024 487 3107 profanaque
513 3029 545 3089 et
567 3025 594 3089 si
616 3026 672 3109 qui
693 3029 930 3109 persenserant,
953 3025 1143 3109 priusquam

177 3130 300 3174 armare
327 3130 360 3172 se
383 3112 440 3172 aut
461 3108 548 3172 aliud
569 3131 628 3192 pre
651 3111 754 3174 salute
784 3132 896 3196 capere
918 3110 1062 3193 quirent,
1086 3130 1142 3192 op·

139 3195 329 3278 eeprimere:
356 3214 486 3277 prorsus
513 3193 603 3258 nulla
629 3197 756 3278 requies
784 3195 901 3344 strapis
929 3199 1024 3278 atque
1050 3193 1144 3257 fune-

864 3304 876 3343 1

177 3301 258 3361 rum,
281 3300 354 3344 eum
375 3277 482 3362 palam
505 3281 537 3342 et
558 3279 593 3342 in
615 3300 670 3344 ore
693 3301 824 3346 suorum
876 3279 945 3344 beri
976 3281 1141 3362 parentes·

246 3518 262 3566 9
281 3514 366 3566 multo
386 3515 433 3565 GB
468 3517 544 3568 nullo
563 3519 594 3568 P.
