2414 3946
180 183 224 250 50
413 195 461 243 ns
483 195 545 242 nne
566 193 698 243 aaran
721 193 796 244 ιιι.
812 197 912 243 xxm.

183 337 293 400 tatibus
313 343 451 417 quattuor
467 334 564 396 modis
580 334 726 396 definitur.
765 331 917 414 Babylonii
931 334 1055 413 quidem
1079 353 1095 396 a
1111 355 1153 396 se-

183 424 219 484 lis
235 430 339 483 exortu
355 421 392 482 ad
408 428 543 481 exortum
559 419 691 481 eiusdem
707 419 778 480 astri
793 419 871 480 diem
886 425 1067 490 statuerunt,
1083 427 1115 482 at
1127 424 1154 484 in

183 506 306 571 Umbria
333 506 467 585 plerique
494 523 510 565 a
537 504 661 565 meridie
688 502 724 564 ad
752 503 921 572 meridiem,
957 503 1155 567 Athenienses

184 601 283 654 autem
305 590 342 652 ab
363 607 469 652 occasu
491 588 562 648 solis
582 587 618 648 ad
640 605 788 650 occasum.
834 595 967 649 ceterum
987 587 1155 651 Romania

185 676 281 739 media
302 683 389 736 necte
411 672 448 734 ad
469 673 595 734 mediam
616 680 734 734 noctem
749 673 827 734 diem
849 691 914 734 esse
935 673 1182 736 existimaruntt

149 773 167 820 4
185 761 294 822 indicio
309 767 378 820 sunt
393 775 475 820 sacra
487 756 605 836 publiea
621 763 650 816 et
665 758 796 836 auspicia
811 759 899 818 etiam
914 758 1155 834 magistratuum,

186 863 312 924 quorum
329 847 355 904 si
376 843 447 924 quid
469 849 537 902 ante
551 841 683 902 medium
702 843 798 902 noctis
819 849 864 903 est
884 849 999 912 actum,
1027 843 1089 904 diei
1110 846 1157 924 qui

187 931 339 1008 praeteriit
354 925 549 996 adscribitur,
566 927 592 987 si
608 925 678 1004 quid
694 931 793 987 autem
810 934 878 1005 pest
892 924 1022 986 mediam
1038 940 1156 990 noctem

187 1024 216 1076 et
231 1020 300 1075 ante
314 1012 411 1074 lucem
433 1012 617 1078 factumest,
646 1029 681 1071 ιι
698 1009 745 1071 die
761 1018 876 1088 gestum
892 1009 1003 1071 dicitur
1020 1013 1073 1089 qui
1095 1031 1156 1073 eam

152 1109 168 1156 5
186 1099 318 1176 sequitur
338 1103 465 1157 noctem.
497 1095 574 1156 idem
595 1094 740 1172 significat
755 1095 834 1173 quod
849 1096 900 1174 qui
920 1113 936 1154 a
952 1095 1055 1156 media
1072 1105 1157 1159 nocte
1173 1105 1195 1152 11

186 1183 223 1244 ad
252 1182 417 1261 proximam
444 1179 572 1241 mediam
595 1186 712 1240 noctem
739 1180 769 1239 in
793 1179 839 1239 his
860 1179 941 1240 boris
955 1187 1109 1260 quattuor
1131 1191 1158 1243 et

153 1279 168 1327 6
186 1267 287 1346 viginti
303 1271 464 1327 nascuntur
485 1262 611 1325 eundem
633 1263 711 1324 diem
728 1263 838 1325 babent
852 1262 988 1325 natalem.
1021 1267 1055 1326 in
1072 1266 1157 1329 horas

185 1367 237 1414 xl1
260 1351 338 1412 diem
359 1350 482 1410 divisum
504 1367 570 1410 esse
591 1351 802 1426 noctemque'
795 1366 826 1408 ιιι
844 1348 963 1409 tetidem
989 1349 1086 1428 vulgo
1108 1370 1157 1412 no·

186 1446 248 1498 tum
272 1443 330 1496 est:
354 1433 406 1496 sed
427 1433 484 1494 hec
506 1432 596 1494 crede
611 1432 723 1493 Romae
744 1439 813 1513 post
832 1439 950 1512 reperta
973 1432 1087 1497 sclaria
1109 1436 1158 1497 cb·

186 1528 343 1581 servatum.
396 1535 521 1597 quorum
552 1517 788 1596 antiquissimum
814 1518 892 1596 quod
918 1518 1009 1579 luerit
1038 1520 1158 1582 inventu
1173 1525 1195 1574 15

187 1602 305 1665 difficile
325 1610 382 1664 est:
412 1601 461 1662 alii
482 1603 560 1662 enirn
582 1602 659 1681 apud
681 1601 784 1662 aedem
807 1600 921 1672 Quirini
943 1603 1080 1681 primum
1103 1613 1158 1667 sla-

187 1696 282 1748 tutum
298 1687 415 1757 dicunt,
433 1685 480 1748 alii
495 1687 526 1746 in
542 1685 699 1764 Capitolio,
723 1686 856 1747 nonnulli
872 1686 909 1746 ad
925 1685 1033 1748 aedem
1051 1687 1159 1752 Dianae

153 1775 217 1834 ‘lin
238 1772 392 1832 Aventino.
437 1768 507 1832 illud
536 1771 607 1832 satis
634 1777 761 1841 constat,
787 1770 900 1832 nullum
927 1773 955 1830 in
984 1770 1055 1833 iere
1079 1777 1160 1854 prius

187 1857 277 1919 luisse
298 1855 437 1936 quam-id
457 1855 536 1934 quod
552 1855 589 1916 M.
612 1854 743 1916 Valerius
764 1873 799 1916 ex
822 1855 919 1917 Sicilia
940 1857 1104 1919 advectum
1126 1860 1160 1921 ad

186 1950 282 2003 restra
304 1943 332 2002 in
354 1937 490 2002 columna
511 1941 618 2019 posuit.
654 1941 732 2019 qued
754 1942 893 2020 quoniam
915 1940 952 2000 ad
973 1940 1065 2004 clima
1088 1945 1196 2005 sici-u

186 2026 243 2088 liae
259 2026 441 2104 descriptum
464 2025 499 2086 ad
515 2025 604 2086 horas
621 2023 732 2086 Romae
753 2042 813 2086 nen
829 2026 1013 2096 conueniret,
1039 2027 1074 2089 L.
1092 2029 1160 2090 Phi·

187 2112 286 2191 lippus
302 2128 408 2172 censcr
424 2109 502 2170 aliud
517 2109 597 2170 iuxta
613 2110 773 2170 constituit.
798 2110 905 2170 deinde
921 2109 1077 2190 aliquanto
1095 2121 1162 2192 pest

186 2197 219 2257 P.
237 2194 391 2257 Cornelius
406 2193 509 2255 Nasica
526 2211 631 2254 censor
654 2211 690 2254 ιι
710 2211 786 2272 aqua
801 2195 870 2255 lecit
885 2195 1057 2266 horarium,
1080 2199 1161 2276 quod

188 2286 218 2340 et
231 2281 328 2358 ipsum
351 2298 387 2339 ex
403 2278 615 2340 consuetudine
631 2279 772 2340 noscendi
793 2299 809 2340 a
825 2277 887 2340 sele
903 2280 992 2340 boras
1012 2280 1159 2344 solarium

154 2368 326 2441 acceptum
348 2365 455 2424 vecari.
491 2363 632 2423 horarum
653 2381 762 2423 nornen
784 2365 957 2424 conminus
977 2382 1078 2427 annes
1100 2375 1160 2428 tre·
1175 2369 1196 2418 ‘2⁵

188 2455 291 2510 centos
306 2449 417 2509 Romae
437 2450 603 2524 ignoratum
625 2465 689 2508 esse
711 2447 852 2509 credibile
874 2455 932 2510 est:
957 2465 1025 2508 nam
1044 2465 1101 2512 ΧΠ
1117 2460 1161 2513 ta-

187 2532 265 2594 bulis
280 2550 425 2612 nusquam
440 2533 603 2593 nominatas
618 2531 707 2592 boras
722 2534 862 2604 invenies,
879 2536 955 2594 utin
971 2533 1038 2593 aliis
1053 2545 1161 2614 postea

187 2615 315 2697 legibus,
340 2617 391 2678 sed
413 2623 495 2678 ante
518 2615 724 2687 meridiem,
749 2635 785 2678 eo
800 2617 934 2680 videlicet
954 2619 1034 2695 quod
1057 2630 1161 2699 partes

186 2804 391 2813 ——a———a-

256 2926 279 2973 1.
298 2936 456 2974 sarracene
474 2923 508 2984 D,
528 2920 663 2972 babilonii
685 2922 713 2970 V
778 2920 886 2984 queam
904 2923 959 2972 DV
1027 2925 1054 2973 3.
1076 2925 1161 2976 arhe-

187 3006 291 3043 ruerrsts
310 2993 335 3041 D
403 2992 599 3056 &praecem
617 2990 656 3053 D,
679 2989 805 3053 preteriit
826 2991 852 3040 V
917 2988 1090 3042 9διιιτιιιι
1108 2995 1162 3044 DV

187 3071 311 3126 quteeam
334 3060 359 3108 D
429 3061 468 3108 12.
496 3073 564 3108 oses
587 3059 613 3107 D
683 3058 723 3107 15
746 3069 892 3108 reuersum
916 3057 940 3106 D
1010 3061 1055 3109 17.
1088 3076 1160 3112 carr·

187 3128 301 3193 reclino
324 3127 349 3176 D
372 3123 454 3190 (nod
475 3126 560 3176 adser.
585 3131 699 3176 eatremo
723 3139 810 3186 uersu,
832 3127 946 3190 proximi
966 3133 1053 3176 actem
1071 3145 1161 3180 cereres

186 3199 289 3291 initiam
276 3211 327 3246 una
344 3195 431 3244 littera
449 3209 526 3244 erasa
544 3192 605 3258 eet),
634 3192 710 3258 cepit
699 3192 787 3243 tulino
809 3192 834 3243 V
902 3193 941 3242 18.
964 3207 1045 3244 seces
1065 3197 1093 3246 D

187 3284 228 3332 10.
250 3297 291 3346 qm
309 3281 347 3344 1),
368 3295 428 3330 cum
450 3279 476 3329 V
491 3281 561 3343 vulpe
632 3291 765 3328 acerrume
783 3279 817 3342 D,
837 3276 1047 3342 aclimmated,
1071 3297 1090 3330 e
1108 3282 1159 3330 cli·

187 3353 261 3398 mate
284 3354 308 3402 V
358 3349 399 3400 11
419 3345 1008 3410 osasDV(ithaddinmarp...mree)
1065 3351 1150 3413 13.ρ

189 3414 253 3463 corii
271 3418 297 3464 V
364 3415 620 3466 samstcaeusoall
689 3417 731 3466 14.
753 3413 932 3465 Ιιοιιιιιιιιιῦ
1002 3415 1045 3465 15.
1073 3431 1158 3465 rase-

188 3485 334 3531 cesrcsD
403 3485 444 3533 16.
464 3481 607 3533 duodecim
630 3483 654 3532 V
