2416 3944
332 183 445 234 BELLl
463 183 702 255 Tuollulpars.
721 185 770 234 III.
993 187 1033 250 51

153 331 223 397 LII.
260 332 365 416 Igitur
385 332 529 397 Achilles
550 333 731 416 praesentia
757 333 871 398 talium
892 335 1036 400 virorum

67 417 218 500 precibus
240 416 447 482 familiarium
476 438 513 480 ac
541 418 762 482 recordatione
796 419 921 483 innoxii
950 441 1036 484 01101-

69 504 152 568 citus
175 501 307 566 tandem
321 502 422 566 flexus
444 501 484 566 ad
499 506 696 585 postremum
711 503 871 566 facturum
894 525 937 587 se,
954 527 1034 588 quse

67 587 199 670 vellent,
222 586 397 670 respondit.
431 586 510 651 'dein
532 586 663 651 hortatu
678 588 787 652 Aiacis
809 593 878 652 tum
895 590 1034 672 primum

66 676 142 755 post
170 671 288 735 malam
321 671 519 736 iracundiam
549 671 678 736 Graecis
713 673 832 736 mixtus
866 673 1061 738 consilium5

67 755 250 841 ingreditur
272 759 368 838 atque
397 757 437 820 ab
459 759 705 840 Agamemnone
730 759 821 842 regio
842 779 931 822 more
954 757 1036 822 salu-

67 846 174 905 tatur.
210 842 334 904 interea
361 840 493 924 reliquis
529 841 662 906 ducibus
689 841 835 906 favorem
862 843 1036 906 attollenti-

67 927 127 989 bus
150 925 269 1010 gaudio
292 925 478 1008 laetitiaque
495 929 611 990 cuncta
633 926 793 1010 completa
814 927 916 991 sunt(
936 927 1037 1011 igitur

67 1014 296 1094 Agamemnon
324 1032 455 1074 manum
484 1009 620 1074 Achillis
652 1015 816 1076 retentans
829 1082 832 1088 ,
845 1033 980 1096 eumque
1003 1016 1035 1075 et

68 1095 212 1179 reliquos
248 1093 342 1159 duces
375 1094 415 1160 ad
448 1116 561 1159 cenam
597 1095 737 1160 deducit:
773 1117 810 1160 ac
835 1096 933 1179 paulo
961 1101 1035 1180 post
1049 1114 1074 1152 10

67 1180 155 1242 inter
178 1177 304 1262 epulas,
328 1199 400 1242 eum
423 1179 499 1244 laeti
520 1180 606 1243 inter
628 1201 660 1244 se
682 1181 875 1263 invitarent,
897 1203 954 1245 rex
976 1180 1033 1244 Pa-

66 1263 206 1327 troclum
229 1263 380 1348 quaesiit,
403 1268 440 1328 ut
461 1263 712 1347 Hippodamiam
735 1287 806 1328 cum
828 1265 1034 1345 ornamentis,

68 1369 151 1432 quac
175 1347 319 1431 dederat,
343 1348 383 1412 ad
411 1350 551 1413 tentoria
572 1348 709 1412 Achillis
732 1349 916 1413 deduceret:
944 1349 1034 1433 isque

66 1433 172 1496 libens
194 1431 346 1496 mandata
374 1431 481 1497 efficit.
526 1436 666 1496 ceterum
688 1455 746 1516 per
768 1433 800 1497 id
822 1437 948 1516 tempus
969 1433 1035 1497 hie-

65 1517 399 1667 1101610111
415 1521 508 1666 ..llll
511 1517 870 1668 blutiatnttt
886 1519 1034 1667 llll&
1048 1533 1072 1572 ²⁵

66 1686 263 1770 'Thymbraei
284 1686 447 1769 Apollinis
469 1687 696 1751 miscebantur.

343 2077 496 2152 LIBER
523 2073 759 2151 TERTIUS.

151 2293 177 2358 I.
223 2292 358 2358 lnterim
379 2315 438 2377 per
460 2297 562 2357 totam
583 2294 722 2357 hiemem
751 2294 850 2357 dilato
878 2292 1033 2358 conditio-

62 2379 161 2442 nibus
189 2379 225 2441 in
246 2381 374 2462 tempus
401 2377 487 2442 bello
511 2377 626 2442 Graeci
648 2381 777 2462 cuncta,
807 2399 888 2462 quae
917 2378 952 2440 in
974 2379 1033 2441 tali

66 2464 135 2528 otio
159 2462 278 2527 militia
301 2463 508 2548 exposcebat,
537 2462 654 2526 intenti
682 2463 790 2526 animo
813 2463 945 2526 summis
967 2467 1032 2525 stu·
1045 2479 1071 2518 11

64 2545 127 2613 diis
148 2547 358 2612 festinabant.
402 2568 541 2630 namque
569 2568 628 2630 pro
656 2547 740 2612 vallo
764 2545 935 2611 multitudo
963 2547 1033 2610 uni-

64 2654 158 2697 versa
186 2633 283 2696 variis
310 2632 451 2697 bellandi
501 2631 649 2695 oneribus
683 2652 741 2715 per
763 2632 857 2696 duces
882 2630 1034 2715 populos-

65 2739 129 2800 que
151 2718 312 2782 instruota
333 2721 366 2782 et
387 2717 429 2781 ob
456 2652 500 2779 nl
511 2737 600 2780 more
623 2717 745 2799 optimo
768 2715 901 2780 divorsis
924 2714 964 2778 ad
986 2715 1033 2778 of-

63 2803 140 2866 ficia
163 2823 222 2866 sua
236 2802 426 2885 quibusque,
448 2801 525 2864 hinc
539 2801 652 2865 iaculis
666 2800 831 2865 hastarum
846 2799 915 2863 vice
936 2799 1033 2862 fabri-

64 2887 146 2952 catis
185 2907 291 2970 neque
318 2885 460 2970 pondere
486 2890 543 2949 aut
575 2907 725 2949 mensura
759 2883 966 2949 inferioribus
1000 2886 1070 2947 eta

64 2971 185 3054 quibus
207 2992 245 3034 ea
266 2992 335 3035 non
357 2973 449 3034 erant
475 2970 631 3053 praeustis
654 2969 801 3052 sudibus,
823 2967 913 3032 illino
935 2967 1032 3051 sagit-

62 3057 107 3119 tis
129 3059 289 3120 certantes
311 3055 398 3119 inter
418 3077 452 3118 00
473 3054 611 3118 invicem
632 3055 672 3118 ad
693 3053 831 3118 multum
846 3052 930 3116 diem
946 3073 1033 3116 exer-

63 3161 153 3221 cere,
189 3139 245 3203 alii
288 3139 372 3204 saxis
411 3140 591 3204 utebantur.
641 3138 696 3202 sed
728 3139 813 3203 111101
848 3135 1031 3222 sagittarios

62 3225 205 3289 maxime
233 3224 402 3289 anteibant
434 3221 545 3288 Ulixes
584 3221 705 3287 Teucer
736 3222 897 3287 Meriones
930 3220 1031 3304 Epios

137 3466 166 3513 11
186 3463 302 3515 laeticia
316 3463 337 3514 G
350 3463 416 3525 (tres
432 3465 533 3514 ultimae
551 3465 652 3512 litterae
669 3464 727 3524 fere
744 3459 861 3525 delruoe)¹
913 3461 945 3510 26
964 3475 1028 3523 pon·

62 3532 207 3582 derisam
226 3545 371 3590 mensurae
391 3530 438 3582 GB
473 3530 595 3596 pondere
615 3536 642 3580 et
659 3545 787 3580 mensura
807 3532 837 3594 P.
