2416 3944
178 203 241 250 XIV

178 339 361 419 Arlopoeus
376 334 586 419 Argentorati
604 332 685 397 1691
702 332 732 414 8,
754 333 807 399 oui
821 331 961 398 indicem
975 334 1158 401 latinilatis

178 425 211 486 et
231 441 340 484 rerum
361 418 486 501 adiecit,
508 417 646 501 denique
661 416 987 485 Amslelaedamensis
1008 440 1038 483 a.
1064 421 1158 487 1702

177 505 199 568 4
220 525 318 587 quam
339 502 416 567 fecit
430 501 510 567 Lud.
526 501 632 566 Smids
653 521 728 566 oum
747 501 1159 584 incantationem

177 587 349 670 Daeeriae,
378 607 475 682 quam
502 585 561 650 illa
585 584 775 668 vulgaveml
799 584 836 650 in
865 607 964 653 usum
988 585 1157 670 Delphini

179 671 271 736 1680.
314 668 436 736 Addita
463 676 513 734 est
532 689 602 734 non
627 667 734 732 solum
760 667 870 734 Iacobi
890 668 1058 740 Perizonii
1086 672 1156 738 dis·

178 755 310 818 sertatio
343 751 382 818 de
414 753 551 818 historia
581 752 659 818 belli
692 751 826 819 Troiani
861 756 921 818 etc.
958 753 1015 818 sed
1047 756 1156 822 eiiam

177 837 302 902 nummi
329 841 363 902 ct
389 857 535 922 gemmae
556 840 680 902 valeres
705 835 747 901 ad
773 835 1000 906 illusioandnm
1020 836 1155 924 Dictyn

177 921 334 1069 letlindex
362 921 507 986 omnium
535 923 695 1004 quoiquol
720 920 874 1004 lagonas
894 919 1019 1004 Diclyis
1048 945 1154 991 voea-

200 1027 222 1068 u
235 1026 337 1070 orum.

262 1087 448 1153 Novissima
469 1087 568 1152 editio
589 1087 712 1170 prodiit
728 1085 865 1152 Bonnae
896 1087 978 1154 1833
1000 1087 1021 1153 8
1041 1088 1156 1155 Dede

177 1172 302 1238 richio
345 1193 381 1236 ra
406 1175 440 1236 el
468 1171 591 1254 studiis,
620 1172 676 1254 qui
698 1169 737 1234 dc
764 1171 964 1236 restituendo
992 1176 1026 1236 el
1045 1173 1156 1239 inlar-

176 1264 334 1340 prclan'o
355 1256 417 1320 scri
440 1259 511 1320 tore
533 1255 653 1339 oplima
674 1254 808 1320 meritos
822 1259 880 1320 esl.
917 1254 1080 1325 sociam
1103 1263 1156 1322 esi

125 1369 129 1376 ·
179 1340 378 1405 Glossarium
447 1338 675 1422 pliminianum
708 1343 741 1403 el
769 1337 1017 1407 Observationes
1043 1337 1156 1406 hislo-

178 1425 278 1507 ricae,
305 1428 475 1508 utrumque
502 1445 571 1488 non
591 1423 717 1488 minore
739 1443 812 1488 cum
832 1421 994 1486 industria
1011 1422 1155 1508 factum,

179 1529 275 1592 quam
296 1507 437 1589 Indices,
465 1528 546 1590 quos
567 1507 637 1591 ipse
658 1507 694 1570 in
714 1505 873 1572 faciendis
893 1505 1052 1572 indicibus
1079 1508 1156 1573 dili·

179 1595 293 1676 genter
313 1591 474 1674 inquisivi.
614 1651 625 1660 ,

230 1739 234 1746 ,
263 1674 334 1739 Iam
348 1695 424 1740 vero
446 1677 555 1752 reslaa
577 1675 615 1738 ut
636 1673 676 1738 iis
697 1673 753 1757 qui
774 1673 810 1738 in
824 1673 948 1739 edendo
968 1672 1032 1738 hoo
1045 1675 1156 1759 scrip-

178 1763 249 1823 tore
271 1778 323 1822 me
338 1758 538 1840 adiuverunt,
560 1757 681 1842 gratias
695 1777 789 1842 agam
803 1758 967 1839 maximas,
982 1757 1018 1820 in
1030 1759 1156 1840 primis

179 1845 287 1906 auiam
317 1843 387 1905 viro
425 1841 609 1906 dafissimo
640 1845 674 1906 et
699 1841 931 1906 humanissimo
960 1839 1155 1908 Eduardo

179 1923 441 2007 Woelfflino,
469 1925 526 2008 qui
553 1925 717 2009 egregiam
738 1924 943 1990 collationem
965 1923 1043 1990 (lod.
1067 1923 1156 1990 San-

179 2008 333 2094 gallensis
353 2007 434 2074 mihi
455 2029 524 2072 non
550 2007 647 2074 modo
669 2008 883 2090 comparavil,
915 2007 972 2072 sed
992 2029 1032 2072 ex
1052 2014 1156 2090 parca

180 2092 309 2176 quidam
331 2093 396 2157 suis
418 2092 567 2156 manibus
587 2091 768 2175 soripsil'el
789 2091 981 2156 amicissimo
1002 2091 1156 2177 collegae

179 2197 251 2240 meo
274 2174 448 2240 Rudolfo
470 2175 655 2271 Peipero,
677 2174 733 2259 qui
755 2175 936 2257 complures
961 2174 1051 2238 locos
1073 2196 1155 2240 acu-

179 2260 299 2323 tissime
322 2263 355 2323 al
375 2257 611 2342 elegantissime
633 2255 823 2324 emendavit.
