2460 3940
182 179 222 245 98
491 123 624 232 nrdrxs
643 138 850 233 caurausrs'

182 332 224 397 ob
244 331 420 416 pretiosam
442 333 573 396 vestem.
613 329 714 414 igitur
734 331 791 395 ubi
806 331 903 396 satias
918 331 1050 400 Troiani
1073 355 1149 400 san·

181 417 290 501 guinis
311 415 417 481 tenuit
444 419 477 480 et
503 415 579 480 urbs
601 414 757 480 incendiis
779 417 985 500 complanata
1006 423 1063 501 est,
1085 419 1151 486 iui-

180 501 263 568 tium
284 500 454 567 solvendae
476 522 535 584 per
554 499 706 583 praedam
721 500 854 568 militiae
876 502 1016 587 capiunt,
1039 503 1151 587 primo

182 608 202 650 a
215 585 344 652 feminis
359 585 493 668 captivis
508 584 615 668 pueris
639 607 679 649 ue
694 584 799 650 adhue
816 585 998 652 inbellibus.
1036 587 1150 738 itaepue

156 689 221 736 aex
249 670 300 734 his
327 671 432 754 prima
460 670 604 735 omnium
665 670 758 739 elena
785 671 853 736 sine
882 675 968 736 sorte
997 671 1092 738 Mene
1106 697 1150 740 ao

181 755 382 839 conceditur,
410 754 485 819 dein
504 753 565 819 Pol
609 775 671 818 ena
691 753 844 823 suadente
865 754 960 821 Ulixe
981 779 1040 840 per
1060 756 1151 824 Nec-

180 840 359 924 ptclemum
380 839 501 905 Achilli
523 839 557 903 in
573 839 655 904 eries
677 839 788 922 missa,
811 841 1049 926 Agamemnoni
1071 841 1149 909 cas-

181 925 297 992 sandra
324 924 432 1007 datur,
466 927 637 1007 postquam
669 923 775 988 forma
809 925 877 989 eius
905 930 1031 1009 captus,
1066 929 1150 1011 quin

180 1010 288 1093 palam
310 1008 501 1074 desiderium
521 1008 691 1092 fateretur,
719 1009 919 1074 dissimulare
946 1012 1149 1095 nequiverat,

142 1112 167 1152 ιο
181 1093 337 1162 Aethram
365 1097 397 1158 et
425 1092 610 1176 Clymenam
636 1091 852 1177 Demophoon
884 1098 981 1178 atque
1008 1096 1151 1162 Acamas

179 1177 329 1243 habuere.
363 1178 559 1262 reliquarum
579 1199 648 1242 sors
669 1179 723 1264 agi
744 1183 860 1262 coepta
880 1187 976 1263 atque
998 1181 1045 1245 ita
1058 1180 1150 1246 Neo-

179 1263 322 1348 ptolemo
351 1262 576 1328 Andromache
605 1262 779 1346 adiunctis,
814 1267 985 1347 postquam
1012 1265 1046 1328 id
1074 1287 1150 1330 eve-

179 1351 281 1431 uerat,
311 1348 387 1416 filiis
409 1349 477 1414 eius
504 1349 539 1412 in
560 1348 718 1414 honorem
739 1349 824 1412 tanti
846 1348 944 1426 ducis,
969 1347 1060 1414 Ulixi
1081 1349 1151 1430 He

180 1433 262 1498 cuba
284 1433 452 1499 obvenere.
496 1432 652 1498 hactenus
679 1432 838 1498 nobilium
864 1433 1058 1500 feminarum
1081 1455 1149 1498 ces-

142 1533 168 1574 15
181 1538 250 1582 sere
283 1519 421 1582 servitia.
482 1517 552 1600 alii,
585 1521 622 1581 ut
654 1539 812 1603 quemque
846 1539 915 1583 sors
954 1519 1149 1604 contigerat,

179 1600 330 1685 praedam
358 1606 415 1666 aut
442 1622 480 1666 ex
508 1601 656 1685 captivis,
685 1607 841 1686 quantum
862 1625 922 1686 pro
944 1603 1060 1668 merito
1084 1604 1148 1668 dis-

179 1686 394 1769 tribuebatur,
416 1685 565 1750 habuere.

264 1769 353 1836 XIV.
397 1770 531 1834 Interim
553 1791 649 1853 super
670 1769 815 1835 Palladio
844 1771 960 1856 ingens
982 1774 1149 1838 certamen
1221 1839 1222 1842 ,

178 1854 264 1922 inter
285 1876 319 1920 se
341 1854 474 1920 ducibus
502 1860 649 1919 exortum
671 1855 770 1920 Aiace
791 1855 974 1922 Telamonis
996 1861 1148 1941 expostu-
1221 1855 1222 1866 ’

141 1939 269 2004 solante
291 1940 327 2003 in
348 1961 465 2018 munus
486 1939 548 2004 sibi
568 1961 629 2023 pro
651 1939 718 2022 hia,
745 1961 827 2023 quae
849 1941 884 2004 in
906 1941 1052 2026 singulos
1075 1944 1149 2007 uni-

179 2045 351 2109 versosque
383 2025 502 2090 virtute
538 2027 634 2108 atque
666 2024 825 2088 industria
860 2047 917 2090 sua
953 2026 1146 2092 contulerat.

178 2131 305 2259 33le
321 2111 423 2258 titt
432 2109 815 2277 vllffltuiltnilalltll
832 2110 1151 2280 lidirlaiigihr
1220 2113 1221 2176 ³

178 2299 241 2361 que
268 2300 328 2361 pro
356 2244 509 2342 exereiu'
531 2277 566 2341 in
600 2280 709 2342 animo
737 2278 933 2362 retinebant,
962 2279 1151 2346 concedunt

140 2377 165 2418 2⁵
178 2361 271 2428 Aiaci
311 2361 525 2426 renitentibus
558 2362 634 2427 solis
673 2363 817 2428 omnium
849 2362 1004 2430 Diomede
1045 2369 1148 2450 atque

178 2444 274 2512 Ulixe
309 2468 367 2516 sua
400 2445 519 2532 quippe
547 2469 645 2531 opera
666 2448 905 2513 insinuantibus
926 2448 961 2514 id
987 2448 1146 2516 ablatum.

178 2535 291 2596 contra
312 2531 396 2596 Aiax
410 2530 577 2596 adfirmare
594 2555 662 2598 non
682 2533 791 2597 labore
813 2537 870 2598 aut
889 2533 1009 2598 virtute
1031 2555 1148 2600 corum
1218 2599 1219 2602 ,

176 2636 245 2680 rem
260 2619 392 2701 gestem,
406 2617 606 2682 Antenorem
619 2638 759 2701 namque
774 2618 1046 2702 contemplatione
1059 2640 1147 2684 com·
1218 2655 1219 2707 p

177 2701 284 2768 munis
312 2701 471 2766 amicitiae
499 2703 675 2768 abstulisse.
724 2705 794 2768 tum
821 2702 994 2768 Diomedes
1025 2703 1147 2769 honori

138 2803 165 2844 ω
178 2786 246 2852 eius
267 2807 326 2872 per
352 2787 577 2852 verecundiam
605 2786 783 2854 concedens
811 2810 831 2851 a
852 2788 1026 2854 certamine
1049 2788 1147 2854 desti

176 2873 226 2936 tit.
270 2873 371 2958 igitur
392 2870 503 2938 Ulixes
525 2885 598 2938 cum
620 2872 719 2937 Aiace
742 2894 866 2938 summa
893 2873 926 2936 vi
948 2875 1147 2940 contendere
1210 2879 1218 2964 l

176 2956 261 3020 inter
289 2979 322 3022 se
350 2961 446 3041 atque
474 2957 612 3023 invicem
640 2957 815 3022 industriae
841 2957 965 3022 meritis
993 2962 1147 3041 expostu-
1216 2967 1217 2976 ’

177 3040 244 3104 lare
264 3041 482 3107 adnitentibus
505 3041 595 3106 Ulixi
610 3041 757 3106 Menelao
776 3045 874 3124 atque
896 3044 1146 3126 Agamemnone

178 3125 219 3190 cb
241 3129 400 3190 servatam
420 3127 517 3209 paulo
540 3130 615 3191 ante
638 3147 736 3210 opera
757 3126 825 3190 eius
846 3125 1014 3192 Helenam.
1052 3149 1145 3192 nam·

139 3225 165 3264 ³⁵
178 3231 241 3294 que
262 3213 336 3294 post
357 3214 486 3293 captum
507 3211 604 3276 Ilium
617 3212 704 3275 Aiax
723 3209 907 3276 recordatus
922 3232 1043 3296 eorum,
1060 3233 1145 3295 quae
1215 3257 1216 3292 3

245 3379 317 3430 XIV.
337 3381 387 3432 XV
403 3381 498 3435 Malal.
518 3383 651 3434 lae-144
669 3382 786 3436 Cedren.
804 3383 826 3434 P
846 3385 903 3436 132.

246 3532 278 3580 10
298 3531 452 3597 demophon
469 3551 494 3586 a.
507 3535 637 3586 achamas
651 3536 699 3586 GB
743 3538 777 3587 24
794 3535 1015 3589 retinentibus&
1032 3551 1095 3588 corr
1107 3536 1143 3586 B.
1214 3517 1215 3574 l
