2424 3938
150 202 189 268 12
474 203 631 258 DARETIS
652 203 806 260 PHltYGll

147 368 238 412 suam
257 345 398 412 Helenae
417 347 517 412 filiam
541 347 748 414 adduxerant.
791 349 890 434 Argis
908 349 1047 416 Iunonis
1070 351 1130 416 dies
1197 337 1198 378 l

146 435 247 500 festus
270 439 339 500 erat
361 435 412 500 his
436 436 561 517 diebus,
588 436 704 521 quibus
727 435 909 502 Alexander
931 435 1129 504 in‘insulam
1197 463 1198 510 t

147 521 338 608 Cytheream
369 525 470 608 venit,
501 525 558 589 ubi
586 525 698 589 fanum
730 523 865 590 Veneris
894 531 979 592 erat:
1007 525 1130 605 Dianae
1197 599 1198 606 ἵ

149 612 345 678 sacrificavit.
374 612 407 678 hi
422 613 478 698 qui
491 612 526 678 in
540 613 647 678 insula
660 618 764 696 erant,
783 613 988 680 mirabantur
1001 616 1130 680 classem

121 701 284 786 aregiam,
315 701 561 786 interrogabant
587 702 628 766 ab
656 701 733 784 illis,
764 703 819 786 qui
845 724 919 768 eum
949 704 1129 769 Alexandro

148 793 315 871 venerant,
342 790 397 874 qui
425 794 544 870 essent,
573 789 650 874 quid
677 790 859 862 venissent„
899 793 1131 876 responderunt
1198 830 1199 849 η

148 877 196 941 illi
224 899 243 941 a
265 877 395 944 Priamo
423 897 497 962 rege
520 877 740 944 Alexandrum
767 879 910 964 legatum
933 881 1071 946 missum
1095 881 1132 944 ad

150 963 316 1031 Castorem
339 970 371 1031 et
394 965 570 1049 Pollucem,
594 970 630 1030 ut
653 987 707 1032 eos
731 968 925 1032 conveniret.

236 1053 275 1130 X.
320 1054 365 1120 At
383 1053 507 1118 Helena
530 1076 605 1120 vero
623 1054 763 1120 Menelai
781 1077 874 1139 uxor,
900 1077 975 1122 cum
997 1057 1146 1121 Alexan.

109 1159 135 1198 ιο
149 1141 205 1206 der
227 1143 262 1206 in
284 1142 390 1206 insula
411 1141 569 1226 Cytherea
591 1147 687 1227 esset,
712 1144 834 1227 placuit
855 1144 885 1208 ei
907 1165 946 1210 eo
970 1146 1027 1210 ire.
1075 1167 1131 1230 qua

149 1230 187 1294 de
206 1251 302 1295 causa
316 1231 356 1294 ad
376 1231 452 1297 litus
471 1231 636 1315 processit.
669 1231 823 1316 oppidum
838 1232 878 1297 ad
899 1254 989 1298 mare
1009 1237 1061 1298 est
1074 1231 1132 1296 He.-

147 1319 231 1401 laea,
263 1319 319 1384 ubi
345 1318 469 1384 Dianae
497 1325 531 1386 et
556 1319 719 1403 Apollinis
746 1320 858 1386 fanum
886 1326 943 1387 cst.
994 1320 1041 1385 ibi
1071 1343 1133 1392 rem

148 1407 289 1472 divinam
311 1406 435 1472 Helena
452 1408 556 1474 faeere
574 1408 784 1493 disposuerat.
817 1408 902 1494 quod
920 1410 977 1474 ubi
996 1408 1132 1474 Alexan·

148 1495 206 1560 dro
224 1495 408 1561 nuntiatum
428 1501 478 1562 est
491 1496 648 1562 Helenam
667 1497 708 1562 ad
725 1519 813 1562 mare
830 1497 970 1580 venisse,
990 1499 1134 1563 conscius

10 1635 11 1644 ,
110 1597 135 1640 1⁶
148 1582 270 1648 formae
289 1605 364 1648 suae
382 1585 417 1649 in
431 1589 605 1670 conspeetu
619 1586 687 1650 eius
702 1585 866 1650 ambulare
884 1587 992 1669 coepit
1006 1587 1135 1670 cupiens

149 1671 345 1736 eamvidere.
372 1671 514 1738 Helenae
524 1674 709 1738 nuntiatum
724 1677 773 1738 est
785 1673 1007 1742 Alexandrum
1017 1673 1137 1739 Priami

149 1759 235 1844 regis
267 1759 368 1824 filium
400 1759 441 1825 ad
472 1760 627 1826 Helaeam
659 1761 826 1844 oppidum,
862 1762 919 1826 ubi
955 1763 1029 1846 ipsa
1064 1768 1137 1843 erat,

148 1848 282 1914 venisse.
332 1870 428 1933 quem
451 1850 549 1915 etiam
576 1850 647 1932 ipsa
670 1849 776 1936 videre
799 1849 957 1934 cupiebat.
1010 1855 1046 1916 et
1069 1872 1137 1916 eum

150 1957 183 2000 se
202 1937 329 2022 utrique
349 1937 577 2020 respexissent,
600 1937 819 2002 amboforma
837 1960 896 2002 sua
913 1938 1042 2004 incensi
1062 1943 1137 2004 tem·
1200 2007 1201 2034 ¹

108 2041 136 2082 20
149 2047 209 2108 pus
237 2025 405 2109 dederunt,
432 2030 469 2090 ut
492 2026 630 2112 gratiam
653 2026 817 2091 referrent.
862 2026 1051 2091 Alexander
1083 2028 1138 2090 im-
1200 2039 1201 2086 1

149 2117 253 2197 perat,
272 2117 308 2179 ut
326 2135 438 2178 omnes
457 2114 492 2178 in
510 2115 646 2180 navibus
666 2114 732 2178 sint
749 2114 868 2198 parati,
890 2119 986 2179 nocte
1004 2115 1138 2183 classem

150 2202 285 2284 solvant,
300 2201 338 2266 de
352 2202 429 2267 fano
439 2201 598 2267 Helenam
608 2203 758 2287 eripiant,
776 2223 883 2267 secum
898 2224 970 2268 eam
981 2203 1138 2268 auferant.

151 2289 244 2374 signo
268 2291 343 2354 dato
371 2291 482 2355 fanum
504 2291 706 2373 invaserunt,
729 2289 887 2355 Helenam
910 2313 979 2366 non
1002 2292 1139 2356 invitam
1200 2357 1201 2364 ,

150 2379 303 2463 eripiunt,
330 2379 366 2442 in
387 2379 497 2444 navim
525 2378 672 2444 deferunt
694 2383 727 2443 et
750 2400 822 2443 cum
846 2401 884 2444 ea
907 2380 1061 2444 mulieres
1085 2380 1139 2444 ali-

110 2481 137 2522 25
152 2488 230 2550 quas
263 2467 506 2552 depraedantur.
561 2467 646 2552 quod
673 2488 745 2532 eum
778 2466 936 2532 Helenam
963 2468 1139 2552 ,abreptam

150 2554 1139 2728 ttptttlllttlbttttlllttnttttt

150 2731 309 2797 sociorum
327 2731 532 2797 multitudine
550 2732 725 2815 superavit,
743 2732 856 2796 fanum
875 2732 1066 2816 expoliavit,
1085 2732 1139 2796 ho-

151 2883 363 2892 ——.-.—--—-

224 2966 237 3013 1
257 2959 346 3014 filiam
360 2975 410 3015 om.
426 2959 464 3013 M
468 2958 494 3014 G
506 2959 585 3016 habet
603 2960 631 3014 A
648 2963 651 3028 Ι
668 2958 844 3014 adduxerunt
858 2959 896 3012 M
901 2959 927 3013 G
964 2959 1140 3012 adduxerant

151 3031 179 3084 A
216 3030 385 3086 adducentes
400 3030 428 3084 R
444 3031 448 3099 Ι
464 3029 590 3100 Iunonis]
610 3030 637 3084 io
656 3046 745 3085 nonus
766 3029 803 3082 M
873 3030 939 3084 ein
957 3045 1008 3084 om.
1023 3028 1052 3082 L
1113 3033 1138 3107 ¹3

151 3101 247 3170 ibique
270 3101 305 3156 H
372 3101 442 3157 tin
460 3100 556 3156 ocaG
629 3099 775 3171 5regiam
801 3115 852 3156 om.
871 3101 897 3154 L
970 3099 1053 3154 tuel
1073 3096 1139 3168 qurd

151 3171 179 3225 R
212 3171 305 3254 ⁸qniG
377 3171 452 3228 9At
466 3187 532 3228 uero
546 3171 643 3226 hele
716 3177 749 3226 10
768 3171 852 3242 esset]
867 3171 992 3226 uenisset
1006 3169 1033 3224 G
1107 3173 1138 3246 1¹.

152 3243 534 3368 ciera-erm·
565 3241 882 3368 caesaraea
903 3241 936 3368 e
955 3238 1139 3436 apae

155 3385 187 3431 17
207 3380 317 3434 heleam
335 3383 361 3436 L
396 3383 527 3437 helenam
551 3382 662 3450 Glubi
680 3383 744 3452 ipsa
761 3381 788 3437 R
808 3401 834 3437 u.
853 3383 956 3438 helena
973 3382 1000 3437 L
1105 3385 1136 3431 19

154 3450 361 3514 conspexissent
384 3451 410 3506 G
482 3458 514 3506 22
538 3452 675 3507 Helenam
693 3470 744 3508 om.
764 3452 789 3509 G
865 3459 899 3508 25
919 3453 994 3522 quod
1018 3451 1068 3506 ubi
1091 3448 1134 3502 G*

154 3518 294 3580 arteptam
312 3518 339 3570 L
410 3527 443 3574 27
463 3527 647 3591 ne-posset
665 3525 757 3577 malim
776 3539 942 3593 expaapcre,
960 3521 1056 3593 possit·
1068 3519 1102 3574 L.
