2460 3940
445 204 656 253 PRAEFATIO.
970 206 1036 252 XIII

61 348 130 408 DV
213 348 321 406 rectos
344 360 400 404 om.
423 361 490 405 cum
512 345 577 403 DV
658 339 688 405 9.
712 341 824 423 ribos,
848 345 963 407 utIW

63 454 118 518 10.
144 449 279 532 similes,
302 460 336 515 ot
349 455 412 515 DV
497 450 548 515 12.
571 449 752 536 aequaliter
767 461 824 516 aut
843 473 937 516 omne
953 473 1037 537 quae

61 564 185 645 rectis,
214 566 350 625 similiter
377 581 415 625 ac
442 566 470 625 V
554 561 717 648 Rapedia,
746 571 779 626 at
798 566 827 626 D
853 572 883 625 et
911 566 1036 625 Vcorr.

155 671 206 736 13.
229 669 357 736 Parelle
380 672 496 754 lineae,
517 677 630 750 partim
651 677 761 736 rectius
782 692 872 750 quom
893 675 957 736 DV

65 783 116 848 16.
141 782 413 866 geometriarem,
436 792 470 846 ut
490 785 550 846 dV
612 781 765 869 quinque]
791 799 833 845 ·v·
922 783 973 846 17.
996 780 1039 846 ad

63 914 213 975 omnem,
236 903 272 957 ut
289 893 355 955 DV
439 891 489 956 18.
512 892 631 976 medio]
655 892 741 958 nodo
764 903 793 957 et
812 913 962 972 superscr.
985 914 1038 956 mo

153 1001 205 1066 20.
229 1000 370 1085 lineam,
399 1008 503 1067 omisso
523 1013 649 1084 rectas,
677 1012 711 1067 ut
730 1007 795 1066 DV
875 1025 908 1089 p.
932 1003 984 1084 63,
1009 1002 1038 1066 1.

63 1113 217 1178 Immissa
303 1113 383 1178 duos
410 1113 510 1178 rectis
539 1135 636 1198 pares
663 1113 797 1195 fecerit,
837 1123 871 1177 ut
895 1117 959 1176 DV

61 1225 96 1287 4.
122 1221 279 1309 adempta
363 1222 394 1288 5.
417 1225 511 1308 paria
534 1231 623 1288 sunt:
658 1227 734 1288 boec
754 1235 892 1288 extrema
918 1234 987 1286 suat
1007 1229 1038 1286 ia

62 1337 182 1399 codice.

131 1444 335 1508 Litterarum
362 1442 484 1509 formas
513 1452 696 1531 quaesunt
722 1445 757 1508 in
780 1444 892 1510 codice
914 1444 1040 1508 Darm-

63 1553 238 1635 stadiensi,
262 1563 421 1640 quatenus
443 1554 514 1619 ficri
534 1554 658 1641 potuit,
682 1555 843 1620 similibus
866 1556 954 1642 typis
978 1577 1041 1618 ex—

63 1664 258 1750 primendas
287 1665 414 1746 curavi,
442 1685 505 1751 quo
536 1674 568 1731 et
589 1666 775 1731 accuratior
800 1667 926 1731 vetusti
951 1662 1039 1728 illius

63 1775 147 1840 libri
169 1775 278 1859 imago
301 1754 512 1860 effingeretur
539 1784 572 1841 et
593 1775 825 1842 nonnullorum
846 1775 1041 1840 mendorum

64 1886 162 1970 origo
190 1883 320 1948 facilius
350 1894 612 1969 cognosceretur.
657 1887 733 1952 Non
754 1885 848 1950 licuit
869 1893 980 1950 tamen
1006 1885 1041 1947 in

64 1995 191 2061 litteris
213 2004 319 2059 netu
340 1994 479 2060 reddere
501 1995 585 2061 illud
608 1995 732 2062 codicis
747 1996 929 2083 proprium,
953 1991 1042 2080 quod

65 2105 177 2170 altera
198 2105 288 2168 infra
308 2105 438 2190 longius
462 2105 595 2188 deduci,
628 2104 731 2171 altera
754 2127 854 2192 supra
876 2125 1041 2189 emergere

66 2214 165 2296 solet,
190 2224 223 2279 et
243 2233 266 2278 Y
288 2236 417 2301 quoque
439 2213 631 2302 plerumque
652 2215 739 2281 infra
761 2215 942 2281 descendit.
979 2213 1041 2278 Rc·

67 2324 208 2411 scripsit
243 2324 323 2388 mihi
361 2323 402 2389 de
437 2325 488 2390 his
525 2327 623 2392 rebus
667 2326 848 2412 ambigenti
884 2323 1043 2409 singulari

66 2434 226 2500 comitate
256 2433 421 2500 Canobus
451 2435 613 2502 Bossnnn
650 2445 749 2523 atque
785 2436 885 2502 etiam
921 2434 1042 2500 codicis

66 2546 143 2609 fere
159 2543 338 2608 'dimidiam
357 2550 514 2632 paginam
537 2547 782 2612 accuratissime
799 2546 965 2634 depictam
987 2544 1043 2611 ad·

68 2654 173 2734 didit,
202 2676 263 2740 pro
292 2676 357 2740 qua
385 2676 485 2742 opera
512 2653 556 2720 ad
577 2656 781 2743 propositum
802 2677 911 2722 meum
939 2653 1044 2720 utilis·

68 2764 158 2829 sima
181 2763 311 2831 debitas
334 2763 387 2830 hic
408 2764 515 2831 refero
537 2767 674 2851 gratias.

434 3076 687 3084 ...Ἥ
