2460 3940
440 198 649 249 rssnrlulo.
794 254 796 259 ,
988 206 1029 252 xr

52 377 123 420 non
146 363 215 419 tam
241 355 273 416 Τ.
297 352 455 418 omissum
476 351 599 435 videri,
629 374 726 438 quam
747 353 782 418 id
804 355 912 442 ipsum
935 369 1034 422 exet

53 471 213 550 corrupto
242 460 447 527 eliciendum.
491 461 584 528 Idem
608 463 712 530 suasit
732 473 771 530 ut
791 488 824 550 p.
841 465 872 548 8,
895 466 936 530 14
957 474 1029 532 ccl-

51 578 141 652 sacto
169 594 187 637 e
215 572 328 638 codice
361 571 493 637 ederem
520 571 592 638 coll.
621 573 758 654 Quintil.
783 575 815 656 1,
840 575 876 657 6,
897 575 956 658 21,
994 585 1030 642 et

54 683 236 768 fragmenti
263 681 371 747 locum
399 681 507 747 adhuc
529 682 739 769 desperatum
767 685 822 770 qui
845 694 896 751 est
916 709 949 773 p.
972 686 1030 770 66,

55 793 97 858 20
117 815 144 857 s.
158 791 302 878 'recepta
330 813 347 857 e
369 791 532 858 Vaticano
560 793 725 880 scriptura
750 814 940 860 nummorum
969 797 1029 878 ita,

55 913 92 969 ut
117 923 207 968 nunc
234 901 358 968 editum
387 911 454 983 est,
491 903 653 968 distinxit.
702 901 900 971 Meminerat
926 907 1029 972 ctiam

57 1013 231 1080 Censorini
253 1012 305 1076 sui
327 1012 406 1079 Otto
429 1011 569 1096 Iahnns,
593 1022 626 1079 et
647 1015 817 1100 quaerenti
838 1015 917 1080 mihi
938 1015 1029 1081 ami-

56 1123 204 1205 cissime,
232 1133 269 1188 ut
291 1122 391 1203 solet,
418 1124 587 1209 rescripsit
608 1146 641 1210 p.
657 1123 709 1207 66,
728 1125 746 1190 7
769 1129 941 1190 Parnaside
962 1126 1027 1192 sibi

55 1231 232 1319 legendum
246 1230 369 1316 videri3
392 1244 561 1319 praeterea
583 1256 613 1320 p.
631 1235 662 1316 6,
678 1235 698 1298 9
718 1233 921 1301 Lachmanni
943 1256 1032 1303 con-

54 1345 214 1410 iecturam
240 1347 403 1408 adserens
425 1344 645 1411 commendari
672 1343 835 1410 similibus
857 1345 1027 1409 Plutarchi

56 1459 117 1536 (an
139 1453 209 1518 seni
230 1462 292 1518 cet.
315 1473 386 1538 cap.
403 1453 443 1538 9)
471 1462 504 1519 et
532 1452 675 1519 Senecae
704 1454 765 1540 (de
788 1457 879 1521 brev.
902 1456 961 1520 vit.
985 1455 1032 1520 20

55 1564 155 1648 extr.)
190 1563 282 1628 locis.
334 1561 490 1630 Consulto
521 1563 617 1629 omisi
644 1563 687 1628 ad
714 1587 746 1651 p.
768 1565 820 1648 23,
843 1565 883 1629 12
911 1564 1032 1630 afferre

53 1674 276 1739 coniecturam
312 1672 356 1738 H.
393 1671 558 1739 Wittichii
594 1679 747 1740 Persicum
782 1697 842 1762 pro
872 1679 1031 1755 Pythicum

54 1783 222 1850 suadentis
244 1783 278 1846 in
301 1780 419 1850 Philol.
443 1782 508 1849 vol.
524 1783 594 1848 XX
615 1807 648 1871 p.
664 1784 742 1866 431,
781 1785 934 1870 quoniam
961 1806 1029 1850 non

53 1892 212 1959 credibile
240 1892 414 1960 videbatur
441 1915 544 1957 unum
570 1893 785 1959 Censorinum
812 1893 935 1959 Persici
963 1915 1029 1958 ne-

54 2005 123 2069 scio
158 2003 251 2068 cuius
280 2003 380 2068 stadii
407 2002 559 2070 notitiam
586 2003 741 2069 habuisse
771 2005 913 2070 atotius
936 2003 1029 2068 anti-

54 2113 190 2200 quitatis
227 2113 385 2180 memoria
420 2113 517 2198 plane
552 2112 702 2179 alienam.
760 2113 798 2178 P.
823 2113 864 2179 38
892 2135 1028 2179 versum

52 2223 190 2289 tertium
212 2244 286 2287 cum
307 2221 504 2308 relegerem,
533 2223 568 2286 in
595 2232 738 2289 mentem
764 2222 845 2288 mihi
873 2223 1032 2290 veniebat

47 2339 196 2415 proxima
221 2345 265 2398 est
291 2338 372 2399 hanc
400 2332 610 2420 (octoeterida)
633 2337 838 2412 manuducitur
860 2343 937 2418 cet.;
969 2333 1027 2398 sed

53 2443 190 2530 obloqui
212 2443 344 2509 videtur
370 2444 442 2530 ipse
464 2443 618 2529 scriptor,
646 2443 701 2530 qui
728 2443 828 2530 paulo
856 2447 1029 2530 posthaec

53 2573 204 2618 [tonorum
224 2557 399 2632 monstroso
419 2552 555 2619 dederit.
593 2555 641 2618 At
655 2552 745 2619 locus
762 2555 817 2641 qui
833 2563 884 2620 est
898 2577 930 2641 p.
940 2553 1031 2635 51,3

54 2663 173 2731 dubito
205 2685 285 2728 num
314 2664 394 2729 satis
429 2671 561 2728 sanetus
596 2663 639 2728 sit
663 2663 868 2730 Lachmanni
899 2661 1032 2728 medela

53 2775 191 2860 egregie
217 2773 276 2838 illa
297 2773 431 2860 quidem
458 2773 502 2839 ad
531 2796 680 2856 sensum,
716 2774 775 2839 sed
796 2772 895 2861 paulo
922 2793 1029 2838 remo·

53 2885 139 2951 tiore
167 2907 188 2950 a
214 2884 399 2950 litterarum
422 2884 587 2951 ductibus.
632 2885 771 2952 Servata
796 2883 899 2970 igitur
919 2881 1028 2948 libro-

53 3017 125 3059 rum
165 2994 330 3080 scriptura
366 2994 544 3081 paucisque
580 2992 713 3077 litteris,
751 3015 835 3080 quae
870 2991 1030 3059 facillime

53 3104 252 3171 intercidere
272 3113 460 3191 potuerunt,
484 3104 606 3170 additis
629 3103 805 3190 legendum
827 3104 961 3172 videtur
981 3107 1030 3169 id-

54 3236 110 3293 que
143 3219 309 3282 similitudo
341 3224 466 3280 testatur
498 3236 587 3280 usus
613 3221 763 3280 militaris.
812 3214 963 3300 Denique
991 3214 1027 3277 in

53 3327 230 3411 fragmenti
251 3349 283 3413 p.
305 3324 364 3409 60,
387 3325 405 3390 7
428 3321 544 3413 quidni
566 3324 688 3390 codicis
711 3324 828 3390 ductus
850 3344 966 3389 uastae
989 3345 1030 3387 er

55 3434 133 3502 olim
169 3435 294 3504 fuerint
331 3443 443 3516 corint,
481 3435 570 3522 quod
606 3436 745 3502 verbum
781 3432 896 3500 eodem
930 3455 1028 3500 sensu
