2460 3940
180 202 245 248 VIlI
561 200 771 250 PRAEFATIO.

180 336 288 402 forma
309 336 481 418 καναφόρα
507 335 615 400 adhuc
641 357 706 400 non
727 338 860 422 cognita
880 338 944 402 nisi
970 360 1013 404 ex
1034 339 1156 426 Hesy-

180 446 267 512 chio.
296 445 398 513 Aliud
412 445 577 512 Graecum
598 445 795 513 vocabulum
816 448 961 514 nondum
982 460 1154 535 receptum

180 540 218 622 in
242 566 358 624 nostra
389 555 496 622 lexica
521 554 602 622 latet
631 557 666 620 in
692 555 805 642 glossa
832 581 916 644 quae
943 559 1042 645 paulo
1077 569 1155 625 ante

183 673 234 756 (p.
256 668 310 750 57,
331 667 372 752 2)
401 668 544 754 primum
565 666 704 751 margini
727 666 895 755 adscripta
916 669 995 752 fuit,
1024 678 1097 733 tum
1119 671 1155 734 in
1220 679 1221 744 ᾖ

182 788 374 846 contextum
388 777 565 844 verborum
580 776 685 842 illata.
720 777 788 844 Ubi
803 777 947 846 dubitari
961 801 1028 844 non
1042 790 1155 865 potest

181 892 261 977 quin
291 899 379 956 reete
413 893 607 954 antbtoechoe
639 888 809 975 scripserit
840 889 964 955 Iahnus
998 889 1155 955 Isaacum

181 1000 338 1065 Vossium
366 1008 516 1080 secutus3
551 998 640 1085 quod
666 1008 776 1064 sulem
802 999 837 1063 in
863 1000 975 1065 codice
1003 1001 1155 1086 sequitur

182 1116 347 1189 notiorem,
369 1109 405 1174 id
419 1131 480 1174 nec
495 1111 618 1186 aulerci,
639 1117 677 1174 ut
692 1109 797 1175 suasit
812 1109 940 1192 Carrio,
962 1132 1024 1174 nec
1038 1110 1155 1177 Lach-

182 1221 393 1285 mannianum
424 1223 564 1284 antissioc
590 1218 696 1284 fuisse
721 1217 869 1301 videtur,
898 1219 957 1284 sed
978 1220 1015 1285 id
1042 1222 1155 1306 ipsum

182 1331 270 1418 quod
291 1329 478 1396 Nunnesius
504 1329 738 1414 interpretatus
761 1307 812 1395 esd
833 1337 886 1408 qui
905 1337 1006 1396 aversi
1025 1343 1156 1395 contra·
1220 1377 1221 1402 ,

182 1449 244 1506 rios
266 1447 352 1521 polos
378 1448 526 1521 spectent:
554 1448 589 1504 at
616 1460 695 1504 vero
722 1438 786 1506 boe
806 1463 873 1506 non
901 1451 951 1507 est
972 1440 1157 1506 barbarum
1220 1457 1221 1462 ’

183 1557 368 1630 artocopus,
391 1559 428 1616 ut
449 1550 505 1614 ille
527 1547 648 1630 voluit,
676 1549 736 1614 sed
757 1555 926 1630 cntisropoe
948 1549 1019 1614 sive
1041 1549 1157 1615 Grae-

183 1684 257 1728 cum
279 1659 474 1728 ἀντίεκοποι.
517 1658 669 1746 Denique
697 1659 796 1724 etiam
818 1660 909 1746 apud
928 1662 1039 1746 ipsum
1062 1660 1158 1726 Cen-

183 1772 329 1840 sorinum
344 1768 510 1835 insolitam
524 1768 664 1834 formam
679 1769 841 1836 Graecam
851 1769 983 1836 Halmio
999 1782 1158 1837 monente

183 1907 200 1950 e
223 1883 337 1949 codice
357 1880 505 1963 restitui,
532 1886 716 1944 enneaeteris
737 1902 769 1966 p.
791 1881 847 1962 37,
870 1881 926 1962 12,
956 1881 1010 1945 cui
1032 1881 1159 1945 similia

183 2003 259 2060 sunt
286 1991 450 2061 ἑννεαετία
476 2000 510 2055 et
535 1991 719 2072 ἐννεαετήε,
747 1989 787 2055 de
814 1991 934 2076 quibus
961 1989 1040 2056 vide
1063 1992 1156 2056 Din-
1219 2025 1220 2036 κ

184 2105 305 2172 dorfios
328 2102 363 2167 in
384 2100 544 2189 Stephani
565 2100 730 2166 thesauro.

268 2213 406 2278 Monens
433 2233 485 2276 me
505 2209 587 2275 haec
609 2211 738 2276 Graeca
758 2220 797 2276 ut
816 2211 931 2298 paucis
959 2211 1158 2296 significem,

184 2345 284 2411 quam
305 2343 455 2388 normam
476 2329 510 2385 et
530 2321 565 2385 in
582 2320 718 2385 Graecis
740 2321 909 2388 vocabulis
932 2322 1021 2386 etin
1043 2345 1157 2387 nume-

184 2435 231 2498 ris
261 2430 444 2498 scribendis
467 2440 599 2496 secutus
623 2431 696 2495 sim.
740 2430 923 2496 Nemeum
950 2454 993 2496 ex
1013 2441 1158 2518 utroque

185 2565 305 2630 genere
320 2539 482 2628 permulta
496 2563 555 2626 pro
570 2541 735 2606 brevitate
749 2539 827 2606 libri
845 2542 1052 2627 reperiantur
1065 2542 1159 2627 apud

186 2651 419 2732 Censorinum,
456 2650 588 2715 minime
620 2673 660 2718 ea
690 2672 743 2714 res
774 2651 979 2736 neglegenda
1009 2651 1157 2716 videtur.

185 2762 332 2828 Primum
353 2770 463 2826 autem
484 2759 547 2827 hoc
568 2761 648 2825 mihi
670 2781 864 2846 persuasum
890 2783 963 2826 esse
983 2761 1157 2847 profiteor,

187 2881 312 2938 certam
333 2871 439 2956 legem
460 2891 566 2958 neque
595 2869 676 2936 alios
699 2871 875 2955 scriptores
896 2869 1070 2957 plerosque
1093 2893 1159 2936 nec
1218 2877 1219 2880 ’

187 2981 403 3048 Censorinum
429 2980 494 3047 sibi
515 2981 681 3061 sanxisse,
711 3001 753 3044 ex
775 3002 840 3066 qua
866 2988 899 3045 et
920 3002 1072 3046 numeros
1096 2991 1160 3047 aut

184 3092 272 3159 notis
295 3100 354 3156 aut
373 3089 491 3155 litteris
514 3099 547 3154 et
562 3088 692 3155 Graeca
712 3099 771 3155 aut
791 3090 930 3157 Graecis
953 3099 1011 3154 aut
1023 3090 1159 3156 Latinis

186 3202 340 3268 ductibus
362 3199 559 3282 seriberent3
582 3199 641 3264 sed
662 3199 793 3284 regulas
808 3199 942 3286 quidem
963 3199 1066 3265 luisse
1087 3200 1160 3266 ali-

184 3333 283 3397 quas,
306 3331 513 3397 nequaquam
534 3316 646 3374 tamen
666 3307 896 3376 immutabiles.
934 3306 1019 3374 Tum
1039 3311 1160 3395 negari

184 3441 252 3484 non
273 3429 383 3504 potest
404 3432 529 3485 veteres
551 3419 704 3486 librarios
726 3419 761 3484 in
782 3419 1005 3485 describendis
1028 3419 1160 3486 codici-
