2460 3940
185 209 212 256 X
565 203 773 255 PRAEFATIO.

184 342 331 409 editores
347 341 476 408 Graeca
498 341 646 423 admisit,
671 363 731 426 ego
747 362 845 427 porro
868 340 991 407 codicis
1015 343 1164 428 vestigia

186 461 378 540 persecutus
402 475 443 516 ex
465 450 516 516 his
540 450 686 517 Graecae
709 452 890 538 scripturae
911 450 1061 538 reliquiis
1084 451 1162 539 plus

187 562 358 629 dimidiam
379 570 508 648 partem
529 562 565 626 in
586 561 722 627 Latinas
746 561 929 628 litterarum
956 561 1081 626 formas
1105 585 1164 628 re-

183 673 282 739 duxi.

252 783 309 848 Ad
336 803 480 869 eaquae
507 782 580 846 imis
603 783 733 868 paginis
764 782 807 847 ad
835 781 980 867 singulos
1010 803 1162 869 quosque

185 893 276 959 locos
305 893 465 959 adnotavi
491 913 656 978 perpauca
684 892 736 957 hie
764 901 840 956 sunt
866 891 1029 956 addenda.
1077 891 1163 957 Cum
1216 899 1217 918 .

188 1002 373 1068 Urliohsius
388 1002 424 1065 in
439 1001 607 1066 annalium
621 1002 740 1089 quibus
755 1001 869 1068 titulus
892 1012 943 1067 est
956 1003 1024 1067 Eos
1048 1001 1162 1068 vol.II
1216 1013 1217 1082 ᾗ

189 1113 242 1199 (p.
266 1110 329 1176 456
349 1113 413 1198 ss.)
448 1110 622 1177 nonnullas
650 1113 759 1176 varias
786 1112 967 1198 scripturas
999 1135 1017 1176 e
1045 1112 1161 1177 codice

188 1220 454 1287 Darmstadiensi
468 1220 669 1307 protulisset,
686 1232 800 1308 postea
815 1231 948 1308 rogatus
965 1223 1007 1288 ab
1023 1207 1169 1287 Halmio

181 1331 322 1398 eosdem
344 1330 432 1399 locos
456 1331 562 1397 denuo
585 1333 728 1418 inspexit
755 1353 857 1418 eaque
879 1353 963 1419 quae
985 1332 1163 1421 discrepa-

188 1450 262 1506 rent
283 1443 325 1506 ab
340 1441 465 1508 Halmii
487 1441 659 1507 collatione
674 1465 749 1508 cum
763 1442 825 1506 hoo
838 1463 898 1528 per
913 1441 1040 1508 litteras
1064 1464 1163 1509 com-

189 1552 380 1617 muniravit.
429 1551 484 1615 Ex
510 1551 562 1616 his
592 1552 748 1618 subsidiis
778 1561 817 1617 ea
844 1573 927 1639 quae
955 1551 1163 1638 pertinerent

184 1661 233 1725 :ad
255 1669 419 1725 extremas
441 1660 617 1746 fragmenti
639 1662 777 1749 paginas
799 1662 833 1726 in
856 1662 1059 1747 corrigendis
1082 1663 1163 1749 pla-

183 1769 275 1855 gulis
304 1769 459 1837 adhibere
482 1773 588 1857 potui,
622 1793 665 1837 ex
685 1772 796 1859 priore
823 1783 932 1838 autem
953 1780 1065 1857 parte,
1096 1795 1164 1859 qua

189 1880 370 1946 lahnianae
405 1879 557 1946 editionis
590 1883 730 1969 paginae
761 1883 886 1968 primae
922 1905 983 1946 sex
1018 1880 1162 1948 collatae

184 2000 299 2074 erant,
321 1991 402 2056 haee
424 1992 652 2058 tantummodo
676 1992 718 2057 ad
740 2001 885 2059 nostram
908 1991 1162 2058 adnotationem

184 2101 345 2167 addenda
367 2110 455 2167 sunt:
480 2102 552 2188 p.3,
567 2103 595 2165 1.
620 2101 723 2168 celato
738 2103 774 2182 D,
798 2103 871 2189 p.4,
887 2102 917 2168 3.
942 2111 1165 2187 conparatum

189 2217 231 2288 I),
253 2213 284 2275 5.
307 2210 417 2302 beata]
446 2211 524 2277 unci
549 2221 663 2278 notam
691 2213 751 2278 sub
780 2221 966 2278 extremae
988 2210 1164 2277 addidisse

186 2320 322 2386 ‘videtur
343 2341 460 2385 manus
483 2323 642 2406 secunda,
665 2345 695 2408 p.
712 2322 743 2404 5,
759 2323 788 2386 6.
812 2323 1034 2411 institutique,
1060 2323 1112 2386 17.
1129 2331 1165 2386 ut

190 2435 218 2493 D
241 2432 290 2516 (at
312 2430 399 2495 idem
418 2451 566 2510 ornamur
587 2433 702 2514 habet,
726 2443 763 2498 ut
785 2432 909 2498 editum
931 2441 990 2506 est,
1013 2453 1082 2496 non
1102 2453 1163 2510 qe-

186 2540 326 2624 aemar),
355 2540 408 2606 21.
433 2542 541 2627 inquis
565 2548 608 2614 I),
641 2541 756 2628 inquid
784 2547 818 2622 d,
840 2565 872 2628 p.
889 2543 924 2625 6,
943 2543 971 2606 1.
994 2543 1163 2632 preterit*
1216 2537 1217 2562 ³

185 2651 244 2716 dei
266 2655 308 2732 D,
336 2659 489 2740 preterea
507 2652 511 2734 Ι
532 2651 584 2716 dei
608 2657 637 2716 d.
666 2687 710 2700 -
741 2652 786 2717 Ut
815 2651 941 2738 reliqua
968 2672 1163 2738 persequar,

189 2763 308 2827 iterum
329 2769 425 2846 grata
446 2761 602 2828 memoria
623 2763 802 2848 repetenda
823 2772 874 2828 est
894 2760 1006 2828 Oaroli
1020 2760 1164 2844 Halmii,

183 2872 246 2958 qui
273 2893 347 2937 oum
374 2872 472 2936 etiam
501 2893 572 2937 eam
601 2893 733 2959 operam
768 2873 804 2936 in
831 2895 866 2936 se
895 2872 1097 2958 suscepisset
1125 2885 1165 2936 ut

185 2980 341 3068 plagulas
370 2971 458 3068 typis
489 3003 661 3068 expressas
688 2981 887 3068 perlegeret,
920 2980 1041 3048 multos
1069 2980 1163 3047 locos

185 3113 250 3156 sua
277 3090 465 3157 coniectura
493 3091 680 3157 eorrexerit.
726 3091 782 3156 Ex
803 3092 921 3178 quibus
950 3113 1024 3157 oum
1046 3091 1164 3177 plera-

183 3222 252 3287 -que
275 3202 342 3266 suis
357 3199 437 3266 loeis
460 3201 603 3269 adscribi
618 3203 794 3288 potuerint,
817 3203 870 3268 hio
891 3211 994 3268 restat
1015 3211 1053 3268 ut
1068 3221 1167 3266 oom-

185 3323 386 3376 memoretur
418 3335 450 3398 p.
473 3312 551 3387 8,6
582 3317 752 3390 conformat
781 3321 814 3378 et
841 3336 873 3398 p.
895 3313 952 3395 35,
974 3311 1014 3376 21
1049 3315 1083 3376 e'd
1110 3331 1166 3376 cor

187 3417 414 3506 (omissoque)
438 3423 554 3489 ooniioi
571 3424 613 3489 ab
629 3422 776 3504 Halmio,
800 3431 870 3487 tum
892 3445 925 3510 p.
942 3423 993 3505 40,
1013 3422 1028 3484 1
1053 3420 1165 3487 eidem
