2424 3938
152 219 172 282 6
482 217 639 273 eruaris
658 217 810 273 PHRYGII

151 385 294 428 sororem
317 364 402 428 dono
426 363 548 447 datam,
572 363 712 448 graviter
729 363 804 428 tulit
821 367 890 427 tarn
909 364 1133 429 contumeliose

150 452 325 537 Phrygiam
352 455 524 516 tractatam
552 471 621 516 esse
649 471 669 515 a
697 450 804 535 Grais,
836 452 933 516 Ilium
957 453 1042 536 petit
1068 475 1133 517 cunr
1198 531 1199 534 Ἴ

150 561 248 606 uxore
267 539 402 604 Hecuba
424 544 456 604 et
478 539 587 604 liberis
606 539 745 604 Hectore
763 539 949 605 Alexandro
969 540 1134 624 Deiphobo

150 629 275 694 Heleno
290 629 399 693 Troilo
416 628 644 693 Andromacha
662 627 844 694 Cassandra
857 628 1032 712 Polyxena.
1063 651 1132 692 nam

123 721 243 782 ⁵erant
266 718 295 781 ei
319 717 416 781 etiarn
435 717 490 781 alii
512 717 571 780 filii
594 737 633 780 cx
656 718 842 782 concubinis
860 718 944 799 nati,
968 719 1024 782 sed
1045 739 1133 782 nemo

150 829 189 870 ex
212 806 301 890 regno
325 826 440 890 genere
464 805 545 869 dixit
565 826 634 870 esse
656 805 721 870 nisi
744 827 798 870 eos
822 807 877 890 qui
900 811 1011 870 essent
1034 828 1073 870 ex
1094 807 1132 869 lc-

150 895 273 978 gitimis
295 893 457 958 uxoribus.
502 892 650 958 Priamus
673 899 710 958 ut
732 893 827 958 Ilium
850 895 951 978 venit,
981 895 1135 978 ampliora

149 983 277 1047 moenia
300 982 452 1065 extruxit,
475 981 637 1046 civitatem
664 981 913 1047 munitissimam
937 983 1085 1047 reddidit
1104 987 1136 1044 et

149 1071 288 1134 militum
312 1070 550 1134 multitudinem
573 1069 618 1134 ibi
642 1091 712 1135 esse
734 1070 823 1153 fecit,
845 1091 886 1136 ne
909 1092 968 1154 per
985 1072 1135 1155 ignoran-

111 1159 229 1223 lotium
257 1158 505 1243 opprimeretur,
532 1157 579 1222 ita
608 1163 645 1224 ut
666 1157 851 1223 Laomedon
873 1164 968 1242 pater
990 1161 1061 1224 eius
1084 1181 1136 1242 op-

149 1269 278 1330 pressus
309 1250 366 1312 est.
409 1246 532 1332 regiam
562 1268 689 1331 quoque
718 1247 895 1312 aedificavit
918 1251 951 1310 et
973 1248 1021 1312 ibi
1050 1269 1137 1312 aram

149 1335 219 1400 Iovi
243 1339 446 1419 statuamque
469 1335 675 1400 consecravit.
713 1333 886 1399 Hectorem
909 1337 944 1400 in
960 1334 1137 1400 Paeoniam

149 1425 251 1508 misit,
278 1423 339 1487 Ilio
367 1426 477 1506 portas
504 1422 594 1506 fecit,
622 1442 757 1508 quarum
784 1424 918 1488 nomina
941 1429 1019 1488 sunt
1045 1424 1137 1488 haee:

149 1513 336 1576 Antenorea
362 1510 528 1576 Dardania
554 1511 615 1575 Ilia
643 1509 742 1576 Scaea
769 1511 973 1597 Thymbraee
995 1513 1138 1577 Troiana

109 1615 135 1654 1⁵
150 1605 182 1663 et
204 1603 377 1683 postquam
400 1599 495 1664 Ilium
520 1600 699 1664 stabilitum
721 1600 815 1683 vidit,
837 1605 966 1684 tempus
990 1606 1137 1684 cxpecta-

148 1688 203 1751 vit.
248 1691 285 1751 ut
307 1687 411 1751 visum
435 1694 485 1753 est
508 1688 536 1752 ei
559 1688 693 1753 iniurias
716 1689 817 1772 patris
843 1688 967 1772 ulcisci,
990 1689 1138 1754 Anteno-

147 1797 216 1840 rem
235 1776 341 1840 vocari
364 1775 454 1840 iubet
477 1776 616 1860 dicitque
639 1777 668 1840 ei
691 1777 771 1841 velle
791 1797 912 1842 sectam
935 1777 1085 1862 legatum
1106 1779 1137 1841 in

148 1863 313 1929 Graeciam
332 1864 473 1929 mittere:
498 1885 611 1949 graves
631 1865 692 1930 sibi
706 1865 839 1930 iniurias
857 1866 899 1929 ab
918 1865 969 1930 his
989 1868 1049 1950 qui
1068 1889 1137 1932 cum

148 1954 288 2018 exercitu
315 1949 471 2017 venerant
491 1954 594 2018 factas
624 1954 659 2018 in
681 1951 910 2018 Laomedontis
932 1955 1039 2038 patris
1063 1977 1139 2020 nece

107 2059 134 2096 2⁰
149 2046 181 2105 et
199 2041 391 2106 abductione
409 2040 585 2106 Hesionae:
605 2063 687 2126 quae
710 2043 819 2106 omnia
841 2046 952 2106 tamen
975 2063 1084 2128 aequo
1108 2065 1142 2107 se

147 2131 257 2194 animo
279 2150 463 2214 passurum,
487 2131 515 2194 si
537 2129 682 2194 Hesiona
705 2131 734 2194 ei
757 2130 916 2195 reddatur.
1198 2209 1199 2212 Ἴ

235 2217 275 2282 V.
311 2219 471 2302 Antenor,
490 2222 528 2283 ut
549 2217 697 2283 Priamus
720 2219 906 2302 imperavit,
928 2219 1043 2284 navim
1065 2242 1142 2286 con·
1198 2223 1199 2226 ’

147 2307 270 2371 scandit
284 2310 316 2370 et
329 2307 490 2390 profectus
504 2307 592 2371 venit
606 2306 806 2392 Magnesiam
821 2308 861 2371 ad
875 2306 1023 2373 Peleum:
1043 2331 1141 2394 quem

219 2559 305 2605 lsor.
325 2567 405 2606 suam
424 2551 450 2605 G
522 2512 682 2622 tagreois
701 2551 806 2606 esseG
869 2552 1033 2608 3heccuba
1048 2554 1093 2620 G,
1112 2561 1144 2607 ut

145 2623 201 2688 scre
219 2637 321 2690 semper
343 2625 347 2690 Ι
370 2621 527 2690 deiphoebo
547 2623 584 2676 M
619 2621 757 2692 deiphebo
781 2622 807 2676 G
829 2628 860 2676 at
878 2625 1043 2691 plerumque
1127 2635 1143 2678 4

145 2693 282 2748 carandra
300 2693 326 2748 G
342 2699 345 2762 Ι
361 2693 493 2762 polirena
507 2693 546 2746 M
615 2693 677 2747 tei
695 2709 744 2746 oua
766 2693 821 2760 Ml
838 2695 888 2748 sed
906 2711 954 2748 eos
968 2693 995 2748 G
1032 2711 1085 2750 eos
1108 2697 1145 2748 M

32 2801 33 2804 =
145 2771 161 2819 6
181 2763 262 2818 duxit
279 2763 307 2818 B
323 2764 327 2836 Ι
343 2763 398 2818 nisi
415 2779 463 2818 eos
482 2779 533 2818 orn.
554 2763 579 2818 G
652 2771 666 2818 7
686 2763 800 2819 minime
814 2781 922 2819 moram
940 2763 1009 2818 fecit
1028 2767 1099 2820 add.
1117 2766 1143 2819 G

139 2841 205 2904 post
223 2834 302 2890 uenit
373 2841 389 2890 8
408 2835 547 2889 exstruxit
560 2837 589 2890 et
604 2835 641 2888 M
656 2837 659 2901 Ι
676 2834 786 2897 addidit
801 2835 839 2888 M
909 2842 925 2890 9
940 2835 1020 2889 mult.
1036 2837 1102 2892 mil.
1119 2836 1145 2891 G

146 2912 179 2962 10
199 2905 423 2976 opprimerentur
442 2905 468 2958 G
542 2911 574 2959 12
597 2905 656 2960 ioui
679 2905 779 2960 statori
802 2921 881 2959 aram
900 2923 975 2961 cons.
1000 2905 1027 2960 G
1045 2908 1049 2975 Ι
1066 2908 1146 2962 iouis

145 2977 184 3031 M
202 2979 206 3046 l
227 2976 376 3030 Hectorem
400 2992 450 3030 orn.
471 2977 509 3030 M
525 2977 571 3030 ced
594 2982 632 3030 est
653 2977 755 3030 lacerta
775 2979 778 3043 Ι
799 2977 931 3046 poeniam
954 2977 982 3031 G
1021 2979 1145 3046 poemia

145 3049 183 3102 M
255 3053 287 3101 13
310 3047 380 3102 haec
399 3064 420 3102 s.
439 3047 564 3102 nomG
636 3053 670 3100 14
693 3045 872 3100 antenoridae
896 3049 934 3100 M
969 3049 1145 3103 antenoride

144 3117 386 3185 Gldardanidas
417 3118 455 3172 M
498 3117 670 3172 dardanidae
698 3117 723 3172 G
767 3117 905 3172 dardania
931 3118 1074 3186 Flacca
1107 3121 1147 3173 M

143 3205 190 3244 sce
210 3188 236 3242 G
256 3190 260 3256 l
280 3188 396 3242 timbria
417 3189 456 3242 M
488 3189 612 3258 tymbria
633 3189 660 3244 G
694 3187 816 3243 timbrea
833 3188 864 3242 F
936 3189 1144 3260 151911911-

144 3275 199 3326 que
218 3259 245 3313 G
318 3266 350 3314 16
369 3262 427 3328 pat.
446 3258 494 3313 ini.
514 3259 541 3314 G
614 3265 646 3313 17
666 3275 729 3314 eum
748 3275 798 3313 ocu.
819 3259 885 3314 libri
899 3261 962 3314 odd.
978 3259 1145 3316 Maserius

146 3334 179 3380 18
198 3332 230 3380 ut
248 3343 312 3381 oum
332 3329 369 3382 M
373 3329 399 3382 G
413 3331 476 3384 odd.
491 3335 555 3384 autc
573 3345 682 3398 graves,
702 3331 801 3384 ibidem
820 3331 884 3384 cdd.
899 3333 932 3384 ut
945 3337 1144 3402 conqueratur

145 3397 210 3474 edit,
229 3395 318 3450 Vcact.
335 3405 402 3452 1499
473 3407 505 3453 19
520 3399 610 3454 factas
624 3400 653 3454 in
663 3417 712 3454 oria.
723 3400 749 3454 G
817 3405 851 3454 20
868 3401 1022 3456 Hessionae
1036 3405 1069 3456 ct
1081 3403 1123 3456 M
1137 3403 1142 3473 l

144 3463 284 3542 Hesionae
309 3469 394 3536 quae]
421 3469 522 3522 sororis
551 3471 715 3536 pertulisset
736 3470 761 3524 G
784 3471 788 3535 l
810 3475 906 3526 tamen
931 3489 981 3527 om.
1004 3473 1042 3526 M
1069 3475 1142 3528 add.

140 3535 251 3597 poster
322 3537 581 3591 21redde1eturG
653 3547 686 3594 23
705 3541 861 3594 manesiam
881 3543 925 3596 M.
1081 3562 1083 3564 ·
