2416 3944
324 193 437 244 saum
454 155 605 244 rebium
623 152 693 243 nia.
711 194 748 243 11.
979 192 1020 256 33

51 348 217 407 auctorem
229 342 360 426 pessimi
381 341 535 406 facinoris
551 346 770 425 sequerentur.
808 363 913 426 neque
928 343 1021 428 igno·

53 448 121 491 rere
145 447 243 510 quem
266 447 355 510 uam,
385 426 501 490 sitam
524 429 617 491 atrox
639 427 758 490 iniuria
779 426 946 510 probanda
968 427 1019 509 sit,

51 512 118 576 fore
140 511 190 576 uti
205 449 290 576 milo
306 510 451 593 exemplo
467 509 674 576 disseminato
693 532 751 594 per
765 511 917 575 mortales
932 513 1020 596 ipsos

52 597 155 679 etiam,
179 595 236 679 qui
255 594 341 659 haud
362 594 460 680 longe
484 595 640 679 abessent,
662 596 780 660 similia
800 599 857 660 aut
871 597 1038 680 grauiora¹

51 681 136 746 hisce
151 683 373 763 sequerentur.
411 700 458 762 ea,
481 684 518 744 ut
539 685 631 745 erant
645 681 775 762 atrocia,
800 680 909 745 cuncti
929 680 1047 745 tacitis

52 765 135 830 inter
157 785 192 829 se
214 767 363 847 reputare
385 763 494 851 animo
517 767 613 849 atque
641 765 687 829 ita
709 765 891 848 exemplum
913 765 1022 829 huius-

52 849 138 914 modi
174 847 386 914 abhorrentes
426 848 650 934 indignatione
684 871 792 928 rerum
829 850 1020 933 permoveri.

54 934 127 997 dein
149 932 247 998 solito
270 953 358 997 more
397 954 467 997 erro
492 933 553 998 atis
575 934 738 999 seniorum
760 934 929 999 sententiis
951 934 1022 1016 pari
1071 987 1073 990 .

52 1039 210 1083 consensu
226 1017 370 1082 omnium
419 953 566 1082 enelaum
580 1017 714 1103 indigne
724 1041 855 1102 passum
870 1018 1022 1083 iniuriam

53 1103 248 1185 decemitur‚
272 1101 341 1167 solo
357 1101 503 1166 omnium
517 1103 714 1167 Antimacho
736 1103 772 1167 in
793 1104 931 1188 gratiam
947 1103 1021 1166 Ale·
1035 1123 1061 1164 ro

53 1186 166 1250 xandri
200 1185 369 1251 adversum
404 1190 538 1251 cunctos
571 1188 776 1252 reclamante.
831 1208 868 1252 ac
902 1188 1021 1269 statim,-

54 1272 107 1354 qui
129 1271 169 1335 de
193 1271 343 1335 omnibus
357 1271 543 1336 nuntiatum
566 1270 606 1335 ad
620 1271 786 1336 Priamum
807 1271 1037 1353 mitterentur,

55 1355 148 1420 electi
170 1355 251 1420 duo:
274 1355 309 1418 hi
332 1376 372 1419 ue
394 1355 480 1420 inter
501 1359 621 1440 cetera,
644 1377 726 1440 quae
748 1355 899 1419 mandata
920 1359 1021 1438 erant,

55 1441 152 1504 etiam
173 1439 212 1503 de
234 1377 397 1588 Polqhoro
420 1440 546 1505 docent.

134 1523 257 1593 XXIV.
324 1525 419 1588 aubi
441 1546 497 1589 rex
515 1525 656 1608 accepit,
679 1525 817 1590 maxime
839 1531 1061 1590 coustumia-15

55 1612 105 1672 tus
131 1609 192 1672 filii
219 1609 336 1674 nuntio
365 1612 441 1673 ante
469 1631 526 1674 ora
553 1609 698 1675 omnium
725 1610 855 1675 corruit.
906 1609 1023 1674 deina

54 1692 333 1758 circumstantibus
354 1694 493 1768 refectus
508 1695 671 1778 paulisper
685 1695 834 1792 erigitur:
858 1699 954 1778 atque
976 1694 1022 1758 ire

55 1777 87 1842 in
108 1778 279 1842 consilium
301 1779 433 1862 cupiens
460 1780 501 1842 ab
529 1779 649 1864 regulis
677 1780 837 1844 cohrbitus
866 1783 923 1844 est.
961 1779 1023 1863 ipsi

54 1883 191 1946 namque
213 1861 326 1927 relicto
353 1866 446 1946 patre
479 1868 674 1929 conventum
695 1865 888 1948 inrumpunt
919 1862 959 1928 ad
990 1861 1025 1927 id

55 1951 178 2032 tempus
184 1985 202 2030 ,·
234 1968 298 2031 quo
331 1947 546 2012 Antimachus
583 1948 694 2012 multis
726 1949 761 2012 in
794 1947 1023 2013 contumeliam
1036 1967 1061 2006 ao

54 2029 251 2096 Graecorum
277 2032 446 2115 praeiactis
473 2032 601 2116 probris
635 2037 705 2096 tum
741 2032 869 2096 demum
904 2032 1023 2097 dimitti

57 2112 238 2180 Menelaum
261 2117 375 2201 aiebat,
399 2117 426 2180 si
441 2115 621 2200 Polydorus
643 2114 837 2200 redderetur,
860 2119 1022 2200 postremo

56 2199 192 2265 eundem
219 2221 328 2265 casum
363 2205 459 2286 atque
493 2203 614 2266 exitum
641 2202 807 2285 utriusque
844 2201 1023 2266 custodien-

57 2283 138 2348 dum.
193 2283 362 2350 adversum
396 2308 478 2370 quae
516 2287 640 2351 eunctis
674 2286 842 2352 silentibus
875 2287 1023 2352 Antenor

58 2369 211 2454 resistere,
235 2390 273 2434 ac
294 2391 335 2434 ne
359 2371 436 2455 quid
450 2370 636 2452 huiusmodi
650 2370 882 2453 decerneretur,
904 2392 1024 2456 magna
1036 2387 1062 2428 2⁵

55 2453 87 2514 vi
119 2475 308 2540 repugnare.
360 2455 416 2519 sed
445 2460 618 2540 postquam
651 2456 789 2521 invicem
812 2455 918 2520 multa
949 2477 1023 2520 con-

57 2542 181 2621 sumpta
203 2539 350 2604 oratione
373 2543 535 2605 certamen
557 2561 669 2605 eorum
696 2539 736 2605 ad
761 2561 876 2605 manus
897 2561 1023 2624 proces·

56 2627 151 2706 serat,
181 2644 293 2688 omnes
321 2625 377 2708 qui
404 2624 538 2690 aderant
564 2625 746 2708 inquietum
772 2647 809 2690 ae
837 2623 1023 2689 seditiosum

58 2705 284 2771 Antimachum
305 2711 553 2793 pronuntiantes
576 2731 593 2774 e
616 2711 704 2774 curia
726 2711 855 2774 eiecere.

136 2790 240 2856 XXV.
287 2790 349 2858 Sed
377 2794 432 2858 ubi
454 2793 635 2860 Priamidae
663 2795 800 2880 ingressi
826 2796 916 2875 sunt,
938 2792 1022 2856 Pan·
1035 2811 1060 2851 eo

58 2871 128 2940 thus
142 2875 316 2942 Hectorem
339 2878 519 2962 obsecrans,
542 2901 618 2944 nam
640 2879 668 2942 is
690 2879 775 2942 inter
796 2877 926 2962 regulos
948 2898 1022 2942 oum
1080 2944 1083 2950 ,

58 2958 171 3024 virtute
198 2965 271 3026 tum
292 2962 427 3027 consilio
457 2962 560 3028 bonus
582 2962 784 3046 credebatur,
810 2961 949 3046 hortari,
973 2962 1021 3026 uti

58 3038 178 3109 Helena
204 3067 293 3110 nunc
320 3047 539 3131 potissimum,
563 3069 635 3113 cum
659 3047 773 3112 Graeci
794 3046 955 3130 supplices
978 3045 1020 3110 ob

58 3122 136 3200 hanc
157 3150 285 3194 causam
300 3131 474 3215 venissent,
488 3153 570 3209 cum
585 3131 726 3196 amicitia
741 3131 941 3196 redderetur:
964 3151 1019 3194 ne-

57 3227 116 3290 que
141 3235 255 3296 parum
283 3215 468 3281 Alexandro
504 3215 543 3280 ad
578 3214 771 3299 explendum
805 3235 962 3296 amorem,
992 3214 1020 3278 si
1033 3230 1058 3273 as

58 3312 147 3374 quem
169 3300 254 3364 circa
267 3298 426 3366 Helenam
440 3301 605 3384 habuerat,
621 3303 830 3364 transactum.
869 3297 1020 3383 quocirca

122 3471 136 3520 2
154 3485 318 3537 quemquem
337 3473 404 3537 quin
421 3473 488 3536 libri,
508 3472 575 3536 quin
587 3472 680 3522 deleuit
691 3471 859 3522 Dedericbus.
907 3471 939 3518 29
954 3482 1021 3516 nun·

61 3530 142 3586 tirum
159 3539 230 3590 seG
298 3541 330 3590 31
350 3540 435 3591 hiso
503 3541 536 3590 35
555 3537 717 3602 explendum
738 3537 767 3587 G.

109 3626 197 3669 Drcrra.
854 3637 870 3682 3
