2414 3946
156 257 192 302 ,Ἰ
520 231 773 288 ranacario.

155 379 293 464 werpiae
320 379 418 444 codex
446 379 500 467 qui
527 377 645 443 Moreti
672 378 774 443 fertur
800 378 900 443 firisse
927 377 1045 463 (etiam
1073 377 1141 442 Pin-

156 468 269 532 darum
292 467 482 533 Thebanum
505 465 689 553 continens)
713 489 793 532 saec.
807 465 851 551 X,
878 466 1006 531 Bernae
1031 491 1063 531 n.
1083 469 1141 533 392

156 577 237 621 saec.
260 555 334 640 XII,
355 577 387 621 n.
401 558 443 622 29
468 554 740 642 (Bongarsianus)
765 578 845 622 saec.
869 555 1141 640 mmanuelis

154 646 190 708 in
218 646 296 710 bibl.
319 645 526 731 Burgundica
549 667 576 709 a.
602 646 687 709 1119
712 645 863 730 scriptus,
895 643 1002 709 Duaci
1025 667 1058 710 n.
1083 647 1141 710 835

156 756 236 798 saec.
259 733 331 818 XII,
353 735 520 799 Montibus
542 733 736 798 Hannoniae
760 754 841 798 saec.
864 731 946 796 XIII
969 736 1032 798 etc.
1057 737 1114 798 etc.

242 822 312 887 Iam
331 843 407 890 vero
435 825 472 888 ut
494 821 533 887 de
555 823 595 888 iis
618 821 710 887 libris
734 822 851 906 quibus
874 823 944 905 ipse
968 843 1052 886 usus
1076 845 1141 888 sum

154 913 264 994 paucis
288 931 456 996 exponam,
478 933 546 977 non
568 913 630 976 erit
652 911 783 975 difficile
798 912 877 975 duas
892 912 988 995 quasi
1003 911 1140 976 familias

153 1000 340 1083 discernere,
363 1021 462 1065 unam
476 1017 584 1065 eorum
600 999 664 1085 qui,
687 999 833 1084 quamvis
848 1000 981 1084 singula
993 1004 1142 1084 corrupta

153 1089 233 1172 sint,
278 1091 312 1154 in
349 1091 535 1154 universum
571 1093 680 1153 tamen
717 1111 737 1152 a
766 1088 975 1152 librariorum
1013 1090 1141 1154 lieentia

151 1177 343 1260 integnores
362 1181 564 1260 manserunt,
589 1177 710 1242 scilicet
728 1175 983 1254 LMPP¹RH,
1008 1178 1141 1242 alteram

152 1285 262 1330 eorum
295 1267 350 1351 qui
381 1267 527 1350 plurimis
560 1266 711 1350 ornusque
749 1266 874 1349 generis
912 1265 1141 1330 additamentis

151 1356 293 1438 corrupti
317 1360 401 1438 sunt,
425 1353 586 1433 GFPssV,
610 1375 699 1438 quae,
722 1354 848 1418 etiamsi
861 1355 1042 1418 nonnullae
1060 1356 1142 1419 laeu-

150 1463 212 1505 nae
248 1443 377 1509 illorum
412 1445 568 1508 librorum
605 1447 690 1507 recte
720 1442 771 1506 his
809 1443 995 1526 explentur,
1033 1445 1140 1508 tamen

150 1531 324 1595 maximam
346 1537 471 1615 perlem
494 1530 634 1596 librariis
654 1531 803 1596 ridentur
826 1531 1043 1596 adscribenda
1067 1555 1140 1599 esse.

151 1617 272 1683 Prioris
295 1619 436 1684 familiae
461 1642 524 1706 quo
547 1620 661 1685 melior
684 1624 733 1684 est
754 1619 959 1684 Leorrectus
985 1643 1005 1684 a
1028 1622 1140 1704 prima,

149 1711 186 1770 ut
209 1707 347 1791 videtur,
373 1731 485 1787 manu,
509 1731 546 1774 eo
567 1710 672 1794 magis
696 1709 868 1773 dolendum
896 1709 983 1795 quod
1006 1709 1139 1774 mutilus

151 1798 201 1858 est
240 1799 336 1882 atque
373 1797 502 1862 Initium
538 1798 748 1862 desideratur:
790 1797 935 1880 proxime
974 1799 1016 1862 ad
1057 1797 1139 1863 hune

150 1885 271 1948 accedIt
292 1887 345 1969 M,
378 1890 573 1970 quapropter
599 1887 645 1950 ita
672 1907 740 1950 rem
766 1886 912 1969 institui,
948 1890 987 1950 ut
1015 1891 1140 1952 textum

149 1993 244 2056 quern
277 1976 410 2058 praebet
438 1976 468 2038 L
497 1979 529 2038 et
564 1995 666 2058 usque
696 1975 737 2039 ad
766 1999 796 2058 p.
826 1976 881 2057 12,
921 1976 937 2039 1
970 1976 1018 2040 Μ
1045 1999 1139 2060 quam

147 2063 286 2127 maxime
301 2083 457 2149 sequerer,
467 2063 662 2147 reliquorum
676 2063 832 2128 librorum
841 2063 1006 2148 lectiones,
1022 2067 1139 2150 quippe

148 2171 228 2234 quae
251 2151 408 2235 plurimae
435 2151 640 2216 librariorum
667 2152 808 2216 incuriae
837 2156 893 2215 aut
913 2153 1066 2218 inscitiae
1089 2155 1139 2218 de-

148 2237 286 2303 beantur
315 2242 478 2305 rarissime
507 2244 636 2304 tentum
666 2261 956 2304 commemorarem.
989 2242 1024 2305 B
1048 2247 1084 2306 et
1105 2243 1144 2307 Η

147 2327 271 2392 mendis
310 2330 485 2412 scripturae
517 2331 625 2411 potius
658 2349 756 2412 quam
790 2329 876 2392 iusta
907 2326 1060 2394 lectionis
1093 2332 1139 2396 di-

147 2419 329 2498 screpantia
352 2419 393 2481 ab
416 2418 467 2482 his
491 2415 607 2481 diversi
631 2417 768 2481 maxime
782 2417 866 2480 inter
881 2439 914 2481 se
929 2420 1139 2484 consentiunt

147 2505 179 2565 et
193 2498 330 2570 fortasse
344 2527 382 2570 ex
406 2507 517 2571 eodem
535 2507 625 2570 fonte
643 2507 811 2569 fluxerunt.
856 2505 1002 2588 pluribus
1025 2513 1139 2572 tamen

147 2591 271 2656 lacunis
290 2595 326 2658 H
341 2617 438 2678 quam
452 2595 485 2658 B
499 2595 634 2676 laborat,
658 2611 852 2679 quamquam
867 2594 965 2657 etiam
977 2597 1139 2660 nonnulla

145 2679 181 2741 in
203 2681 245 2744 H
261 2683 412 2766 leguntur
434 2705 516 2767 quae
539 2685 574 2747 in
587 2684 620 2746 B
636 2683 758 2766 desunt,
781 2687 818 2746 ut
830 2705 860 2764 p.
884 2684 936 2763 24,
959 2683 1138 2768 {lingat-

145 2767 313 2854 interfecit,
321 2795 351 2856 p.
362 2773 414 2854 36,
426 2774 466 2837 13
477 2775 772 2855 vocat—consulit,
781 2797 810 2857 p.
821 2775 873 2855 47,
886 2775 926 2837 10
936 2772 1092 2838 Antenor
1105 2777 1139 2837 ut

146 2857 226 2921 vidit
250 2881 283 2924 se
306 2862 511 2944 obsuictum,
534 2885 563 2945 p.
587 2864 639 2946 47,
665 2865 705 2928 18
720 2863 1138 2948 clam-Agamemnonem,

148 2969 179 3028 p.
202 2947 253 3029 51,
280 2950 320 3012 12
343 2949 507 3032 Polyxena
529 2951 767 3035 Agamemnoni
790 2952 1022 3034 praesentetur.

233 3035 285 3100 Ex
308 3038 409 3102 altera
431 3037 554 3104 familia
576 3041 673 3126 longe
696 3039 997 3125 praestantissimus
1022 3043 1076 3103 est
1100 3039 1135 3104 G.

146 3125 201 3208 qui
225 3147 306 3209 oum,
328 3130 366 3191 ut
388 3125 467 3212 mihi
491 3129 619 3213 quidem
633 3130 766 3212 videtur,
790 3147 867 3192 aevo
885 3125 990 3193 medio
1006 3129 1136 3212 saepius

146 3217 320 3296 usurpatus
346 3217 388 3280 sit
411 3237 430 3279 a
453 3217 530 3282 viris
555 3217 657 3283 doctis
682 3222 777 3303 atque
790 3217 903 3300 poetis,
920 3215 990 3278 eius
1006 3236 1134 3301 quoque

148 3301 366 3385 discrepantes
389 3303 541 3370 tacilonee
556 3328 667 3371 omnes
682 3303 915 3370 enumerandas
930 3322 1001 3367 esse
1016 3305 1134 3369 censui.

148 3385 188 3449 In
214 3388 279 3452 fine
310 3392 405 3456 huius
434 3392 508 3457 libri
537 3393 646 3459 addita
673 3397 748 3459 sunt
776 3393 932 3478 quaedam
960 3413 1042 3476 quae
1072 3393 1132 3457 hoc

148 3471 323 3619 lectolpolui
337 3480 518 3564 praeterire,
533 3483 650 3546 etem'nr
664 3507 694 3566 p.
707 3483 768 3547 118
785 3481 844 3546 sub
863 3481 962 3545 finem
977 3479 1133 3564 scriptum

148 3579 184 3620 es
247 3580 296 3622 oc:
