2460 3940
172 112 214 176 94
478 113 611 165 Drc'rrs
631 112 832 166 ORETENSIS

171 263 260 328 addit
281 262 411 346 veritus,
433 285 475 328 ne
498 283 562 346 qua
582 284 640 346 per
661 283 735 326 eum
756 262 918 346 hostibus,
942 285 1024 346 quae
1071 267 1142 329 esta

170 351 272 497 eur
294 283 1141 517 etelsus·taurustaurusuttu

266 483 276 516 l
957 483 966 516 7

172 517 222 582 sui
244 521 517 600 secretorumque:
547 537 687 600 namque
715 538 750 581 se
783 537 856 580 cum
885 539 922 582 eo
946 518 1043 582 etiam
1064 523 1144 602 post

145 602 294 687 epatriae
323 601 482 666 excidium
515 601 625 666 multis
657 600 901 685 tempestatibus
933 602 969 666 in
1003 601 1142 666 Graecia

171 690 380 752 moraturum.
417 687 526 770 itaque
548 690 585 750 ut
604 684 730 750 Heleno
752 685 925 770 placuerat,
947 685 1051 750 multa
1072 709 1141 750 ma-

171 772 278 855 teries,
301 793 383 855 quae
405 776 481 854 apta
502 770 686 854 huiusmodi
714 770 854 835 fabricae
876 770 1058 856 videbatur,
1081 794 1142 855 per

170 855 291 940 Epium
313 860 408 939 atque
430 856 563 920 Aiacem
586 853 670 920 Oilei
691 855 834 919 advecta.

256 940 296 1017 X,
332 940 467 1005 Interim
488 943 667 1004 firmatores
694 943 808 1022 pactae
835 940 923 1022 pacis
945 939 985 1004 ad
1007 938 1140 1004 Troiam

135 1043 159 1083 10
173 1029 252 1089 eunt
278 1024 387 1088 decem
420 1024 495 1089 lecti
523 1024 631 1108 duces,
666 1023 837 1088 Diomedes
869 1022 981 1088 Ulixes
1013 1023 1141 1088 Idome-

172 1129 251 1174 neus
295 1109 378 1173 Aiax
423 1108 629 1174 Telamonius
669 1107 788 1174 Nestor
832 1107 993 1173 Meriones
1030 1108 1141 1173 Thoas

172 1193 355 1259 Philocteta
381 1193 452 1258 Neo
475 1193 613 1258 tolemus
641 1197 737 1278 atque
758 1193 921 1258 Eumelus.
973 1214 1054 1276 quos
1080 1195 1140 1258 ubi

172 1280 207 1342 in
234 1278 306 1343 foro
334 1278 422 1342 anim
464 1281 587 1343 vertere
615 1279 800 1362 populares,
829 1278 905 1342 laeti
930 1277 1056 1342 animos
1077 1279 1141 1343 tol-

172 1364 246 1428 lunt
266 1364 364 1427 {inem
386 1363 450 1427 iam
472 1384 696 1428 aerumnarum
718 1364 891 1427 credentes.
941 1363 1051 1446 itaque
1073 1363 1140 1426 sin-

135 1464 160 1504 15
174 1447 244 1532 guli
263 1447 382 1530 plures,
405 1448 453 1512 uti
475 1448 609 1531 quisque
633 1451 822 1530 occurrerat,
847 1448 986 1532 benigne
1008 1447 1140 1529 adeunt,

173 1531 315 1596 salutant
336 1532 535 1617 gratulantes
557 1535 653 1615 atque
676 1531 911 1598 exosculantur.
952 1535 1025 1616 ‚tum
1049 1531 1140 1595 Pria-

173 1637 244 1679 mus
265 1637 324 1698 pro
352 1614 478 1678 Heleno
507 1636 598 1680 orare
621 1615 759 1681 Graecos
786 1616 959 1700 multisque
986 1615 1140 1680 adhibitis

172 1699 322 1784 precibus
345 1700 567 1764 commendare
589 1701 789 1766 carissimum
812 1701 874 1766 sibi
896 1705 929 1765 et
949 1701 1035 1766 inter
1057 1705 1141 1766 cete-

174 1806 228 1849 ros
251 1782 403 1864 dilectum
431 1785 534 1868 magis
561 1789 695 1869 propter
723 1786 936 1869 prudentiam.
981 1785 1056 1849 dein
1082 1787 1141 1850 ubi

120 1874 301 1952 stempas
330 1868 434 1934 visum
462 1873 524 1951 est,
553 1870 738 1934 convivium
769 1870 896 1954 publice
926 1874 1076 1953 coeptum
1105 1871 1142 1934 in

173 1953 332 2019 honorem
358 1953 475 2018 ducum
503 1953 704 2038 adscitaeque
732 1955 820 2038 pacis
847 1955 1014 2019 Antenore
1036 1955 1143 2020 deser-

174 2039 281 2104 viente
305 2039 436 2104 Graecis
458 2042 554 2122 atque
578 2039 784 2104 omnimodo
806 2039 945 2136 benigne
968 2039 1143 2104 exhibente

173 2127 297 2188 cuncta.
343 2127 377 2187 at
404 2123 485 2188 lucis
513 2123 607 2188 initio
636 2143 727 2188 senes
757 2145 867 2188 omnes
889 2144 925 2188 1n
946 2124 1057 2188 aedem
1080 2122 1143 2189 Mi-

173 2229 291 2272 nervae
313 2206 520 2289 conveniunt,
543 2208 578 2270 in
600 2208 671 2291 quis
692 2208 842 2273 Antenor
862 2208 962 2272 refert
983 2209 1099 2273 missos
1123 2232 1143 2274 a

135 2307 160 2348 25
174 2290 305 2356 Graecis
327 2312 423 2374 super
449 2291 690 2357 condicionibus
717 2293 896 2375 praedictae
918 2291 1007 2376 pacis
1030 2292 1144 2358 decem

173 2377 297 2461 legatos
319 2375 414 2441 viros.
460 2397 539 2459 quos
567 2377 624 2441 ubi
653 2375 765 2442 deduci
791 2378 827 2442 in
849 2381 995 2442 senatum
1016 2377 1143 2461 placuit

173 2465 207 2525 et
228 2460 356 2525 dextrae
386 2459 525 2525 invicem
552 2459 644 2526 datae
674 2465 770 2609 atppe
792 2466 940 2546 acceptae
962 2465 1054 2546 sunt,
1078 2467 1143 2528 sta

172 2549 271 2610 tuunt
291 2545 376 2610 inter
397 2567 441 2628 se,
463 2545 513 2609 uti
533 2546 681 2630 proximo
733 2546 760 2610 ’e
783 2547 887 2631 campi
914 2547 1020 2613 medio
1043 2551 1142 2632 atque

174 2630 209 2694 in
237 2651 291 2694 ore
319 2631 464 2694 omnium
491 2652 562 2694 aras
590 2633 747 2714 statuant,
777 2631 906 2715 inquis
933 2632 1029 2696 fidem
1051 2633 1143 2716 pacis

135 2730 161 2770 ³0
174 2714 380 2779 iurisiurandi
413 2714 624 2800 religionibus
657 2716 831 2780 firmarent.
883 2717 954 2800 quis
987 2715 1143 2798 perfectis

174 2798 346 2864 Diomedes
375 2803 470 2885 atque
494 2797 605 2864 Ulixes
634 2800 740 2864 iurare
768 2801 932 2883 occipiunt
952 2821 1144 2883 permansu-

173 2905 226 2948 ros
248 2885 340 2948 sein
362 2907 415 2968 eo,
444 2884 530 2968 quod
558 2885 619 2950 sibi
641 2906 714 2949 cum
735 2887 903 2949 Antenore
926 2885 1142 2968 convenisset,

173 2972 334 3050 testesque
361 2969 396 3032 in
424 2991 494 3034 eam
522 2991 590 3033 rem
618 2969 730 3035 Iovem
756 2991 916 3034 summum
943 2968 1143 3052 Terramque

241 3260 257 3308 9
280 3257 397 3308 firmata
413 3273 458 3308 res
485 3258 533 3311 GB
576 3257 729 3308 firmatores
755 3260 781 3309 P
862 3260 894 3309 15
921 3257 1050 3324 pluresue
1076 3260 1140 3311 edit.

178 3324 268 3378 Vener.
287 3327 354 3374 1499
425 3327 456 3375 16
480 3331 562 3390 atque
581 3324 756 3390 gratulantes
780 3327 918 3378 Mercerus
983 3328 1026 3386 *20
1044 3329 1073 3374 in
1092 3326 1142 3376 ho·

174 3406 268 3442 norem
293 3399 321 3440 at
353 3393 504 3458 Vindinpr‘us
530 3401 669 3457 optauerat
695 3395 734 3458 P,
760 3397 863 3461 ,reliqui
893 3394 952 3445 litrt
977 3394 1007 3444 in
1034 3392 1141 3443 honore

174 3458 207 3509 28
229 3458 259 3508 in
276 3457 365 3508 medic
383 3461 414 3510 P.
666 3460 668 3466 ’
