2460 3940
177 191 217 254 12
425 203 475 251 nn
496 203 559 250 nnc
579 203 712 252 uanam
734 203 809 252 cac.
830 203 892 250 vn.

176 341 373 421 Empedocles
388 343 503 404 videtur
520 343 662 404 sensisse:
685 360 754 404 nam
771 359 873 403 causas
889 341 1009 420 quidem
1033 360 1091 402 cur
1107 343 1151 404 di·

175 428 325 490 videretur
341 445 400 488 non
416 429 524 507 posuit,
540 428 644 506 partiri
659 426 863 489 tantummodo
879 428 928 496 ait,
944 427 1013 487 etsi
1028 433 1151 488 utrum·

177 531 234 592 que
255 513 340 574 sedes
366 530 460 592 aeque
480 511 589 573 calidas
615 512 819 590 occupaverit,
851 518 1009 590 utrumque
1030 529 1151 574 marem

175 599 273 669 nasci,
295 599 320 658 si
335 597 457 677 frigidas
472 613 580 674 aeque,
603 604 760 676 utramque
775 597 928 665 feminam,
945 599 971 655 si
986 613 1057 656 vero
1075 595 1151 658 aite-

176 699 243 744 rum
260 681 441 752 calidiorem,
459 681 584 743 alterum
600 681 795 758 frigidiorem,
812 680 922 759 dispari
937 699 1009 741 sexu
1025 689 1151 759 partum
1167 693 1180 742 5

177 767 320 829 futurum.

144 857 162 917 7
244 851 386 931 Superest
408 850 507 912 dicere
527 851 564 912 de
579 848 764 928 temporibus
780 848 888 929 quibus
908 857 1010 928 partus
1032 848 1153 911 soleant

178 955 243 998 esse
264 935 300 996 ad
323 936 503 996 nascendum
524 937 645 1003 maturi:
670 935 720 1014 qui
740 933 824 996 locus
844 952 880 994 eo
901 933 973 994 mihi
995 951 1069 996 cura
1086 953 1149 996 ma·

178 1022 242 1081 iore
257 1020 429 1080 tractandus
451 1026 510 1089 est,
534 1019 612 1099 quod
629 1019 773 1097 quaedem
789 1036 911 1080 necesse
932 1024 977 1080 est
991 1017 1030 1078 de
1052 1028 1150 1080 astro-

178 1104 255 1183 logia
270 1104 441 1184 musicaque
457 1111 487 1165 et
501 1103 685 1164 arithmetica
701 1105 856 1181 attingere.
1166 1115 1190 1162 ro

145 1199 160 1248 a
243 1187 305 1249 lam
320 1189 449 1268 primum
466 1195 554 1268 quoto
571 1195 638 1267 post
653 1189 878 1267 conceptionem
894 1204 994 1249 mense
1016 1187 1150 1250 infantes

179 1275 226 1338 edi
247 1272 375 1344 soleant,
407 1273 580 1352 frequenter
603 1274 742 1350 agitatum
768 1273 846 1333 inter
873 1279 987 1333 veteres
1012 1273 1150 1334 nondum

180 1360 325 1420 convenit.
371 1358 489 1437 Hippon
510 1357 727 1436 Metapontinus
753 1373 769 1418 a
791 1357 917 1436 septimo
938 1357 974 1417 ad
997 1356 1149 1418 decimum

180 1461 312 1506 mensem
328 1444 409 1504 nasci
422 1460 510 1520 posse
526 1441 698 1504 aestimavit.
729 1459 797 1502 nam
813 1443 938 1518 septimo
953 1446 1073 1519 partum
1090 1444 1150 1502 iam

180 1546 245 1588 esse
261 1535 410 1589 maturum
433 1545 468 1588 eo
484 1527 562 1605 quod
583 1528 615 1587 in
639 1525 777 1587 omnibus
797 1542 940 1586 numerus
961 1529 1151 1604 septenarius
1167 1536 1190 1584 ts

179 1611 341 1692 plurimum
361 1612 467 1690 possit,
499 1611 642 1688 siquidem
665 1618 779 1690 septem
800 1611 964 1672 formemur
984 1610 1150 1682 mensibus,

180 1695 347 1771 additisque
377 1692 476 1755 alteris
504 1696 578 1755 recti
608 1697 770 1756 consistere
799 1696 991 1776 incipiamus,
1022 1702 1053 1755 et
1082 1706 1152 1774 post

180 1779 337 1859 septimum
364 1795 499 1839 mensem
526 1779 631 1841 dentes
657 1779 744 1840 nobis
771 1781 976 1850 innascantur,
1007 1780 1151 1860 idemque

180 1872 248 1944 post
267 1865 426 1945 septimum
447 1863 552 1924 eadent
573 1881 698 1933 annum,
726 1871 831 1942 quarto
847 1864 962 1926 decimo
977 1871 1078 1926 autem
1094 1883 1151 1944 pu·

146 1961 161 2008 3
179 1949 304 2012 hescere
319 1948 476 2010 soleamus.
508 1947 560 2010 sed
576 1948 653 2009 hanc
669 1967 685 2008 a
701 1955 814 2028 septem
831 1948 984 2010 mensibus
1004 1949 1150 2028 incipicn·
1166 1959 1191 2007 ‘to

180 2043 239 2096 tem
260 2035 458 2096 maturitatem
482 2032 631 2111 usquead
654 2032 756 2094 decem
779 2034 953 2111 perductam
978 2033 1047 2095 ideo
1069 2035 1151 2112 quod

179 2123 210 2179 in
226 2117 289 2180 aliis
305 2117 444 2180 omnihus
459 2117 534 2178 haec
549 2117 652 2178 eadem
668 2123 774 2178 natura
790 2127 842 2188 est,
860 2125 893 2178 ut
907 2125 1021 2197 septem
1037 2121 1150 2181 mensi·

84 2243 88 2255 ·
180 2203 237 2264 bus
252 2205 372 2264 annisve
387 2208 448 2263 tres
463 2209 514 2262 aut
529 2219 645 2262 menses
660 2208 710 2262 aut
725 2203 794 2262 anni
810 2203 846 2264 ad
862 2204 1149 2265 consummationem

145 2297 162 2344 4
182 2286 337 2348 accedant:
367 2305 435 2346 nam
463 2286 567 2348 dentes
587 2295 701 2364 septem
722 2303 859 2348 mensum
884 2286 989 2348 intanti
1010 2289 1094 2348 nasci
1122 2295 1150 2350 et

180 2371 307 2432 maxime
329 2371 442 2432 decimo
459 2371 561 2449 perfici
577 2388 694 2442 mense,
718 2372 844 2450 septimo
864 2389 942 2432 anno
963 2374 1079 2451 primos
1100 2391 1149 2434 eo·
1165 2381 1191 2430 ‘25

179 2471 247 2516 rum
268 2455 419 2526 excidere,
451 2455 567 2516 decimo
587 2455 721 2526 ultimos,
751 2462 817 2533 post
841 2463 978 2537 quartum
1000 2456 1148 2518 decimum

181 2557 291 2600 annum
317 2538 490 2610 nonnullos
518 2539 569 2601 sed
591 2557 694 2601 omnes
721 2539 797 2600 intra
821 2541 978 2620 septimum
999 2540 1148 2603 decimum

181 2623 488 2701 annumpubescere.
525 2623 595 2685 huic
615 2625 747 2704 opinioni
774 2627 805 2684 in
828 2632 913 2703 parte
935 2625 1032 2704 aliqua
1058 2643 1148 2704 repu-

147 2715 272 2788 ngnant
299 2706 361 2778 alii,
391 2712 422 2769 in
448 2716 532 2788 parte
559 2710 756 2771 consentiunt.
801 2727 869 2770 nam
897 2711 1024 2790 septimo
1044 2729 1149 2772 mense

180 2877 381 2890 m—

249 2980 272 3030 l.
296 2978 462 3044 enpedocles
485 2978 513 3028 V
576 2981 600 3030 2.
618 2980 718 3044 partiri
733 2979 839 3038 Ichnae,
856 2991 965 3044 patentur
984 2979 1049 3039 DV,
1069 2978 1153 3046 partr‘r

184 3045 223 3097 V²
244 3049 270 3096 in
293 3063 372 3112 marp.
442 3048 466 3097 6.
486 3047 686 3111 postfuturum
704 3047 759 3096 DV
779 3049 840 3098 add.
863 3045 894 3098 de
918 3061 1149 3100 coustnmantone

180 3160 277 3200 aunem
289 3163 396 3214 pennus
408 3116 593 3199 uturn⁰minu³
612 3113 642 3180 (d
654 3114 699 3212 V),
719 3165 783 3215 quae
799 3151 931 3212 pertineat
949 3150 986 3198 ad
1002 3164 1062 3213 cap.
1077 3154 1104 3214 5,
1118 3154 1148 3206 5;

179 3222 229 3266 tam
251 3223 391 3282 comuntur
413 3231 448 3266 ecc
470 3231 529 3280 cap.
548 3218 596 3280 14,
615 3221 631 3266 7
657 3216 687 3265 in
709 3218 798 3281 prima
821 3215 992 3268 hebdomade
1014 3232 1096 3282 usque
1114 3219 1150 3267 ad

179 3300 238 3348 cap.
256 3286 297 3348 17,
311 3286 327 3333 9
344 3288 427 3335 noete
445 3284 621 3348 frequentem
645 3285 754 3350 denique
771 3286 841 3335 redit
857 3287 989 3348 scripturo
1007 3286 1044 3334 ad
1059 3289 1149 3349 cop?

178 3353 235 3400 init.
260 3356 386 3416 superest
409 3351 504 3402 dicere
523 3357 572 3402 cet.
644 3354 683 3402 10.
714 3351 859 3416 adtingere
888 3351 916 3401 V
981 3353 1021 3400 11.
1046 3367 1148 3403 conce-

179 3429 279 3480 pntone
302 3419 328 3465 D
397 3420 437 3472 13.
461 3419 572 3483 hyppon
599 3419 626 3468 V
691 3421 732 3469 20.
755 3418 828 3470 huuc
851 3420 875 3469 D
944 3420 986 3471 24.
1004 3433 1147 3472 mensuum

180 3483 207 3544 d,
225 3484 360 3532 mensium
381 3485 407 3533 V
474 3488 516 3538 25.
534 3498 640 3550 patmus
658 3487 683 3534 D
752 3487 794 3537 26.
813 3497 938 3537 unrtmns
957 3487 982 3535 D
