<?xml version="1.0" encoding="UTF-8"?>
<!DOCTYPE html PUBLIC "-//W3C//DTD XHTML 1.0 Transitional//EN"
    "http://www.w3.org/TR/xhtml1/DTD/xhtml1-transitional.dtd">
<html xmlns="http://www.w3.org/1999/xhtml" xml:lang="en" lang="en">
 <head>
  <title>
</title>
<meta http-equiv="Content-Type" content="text/html;charset=utf-8" />
  <meta name='ocr-system' content='tesseract 3.04.00' />
  <meta name='ocr-capabilities' content='ocr_page ocr_carea ocr_par ocr_line ocrx_word'/>
</head>
<body>
  <div class='ocr_page' id='page_1' title='image "./ephemeridosbell00meisgoog_0084.png"; bbox 0 0 2416 3944; ppageno 0'>
   <div class='ocr_carea' id='block_1_1' title="bbox 370 205 1069 283">
    <p class='ocr_par' dir='ltr' id='par_1_1' title="bbox 370 205 1069 283">
     <span class='ocr_line' id='line_1_1' title="bbox 370 205 1069 283; baseline 0.021 -29"><span class='ocrx_word' id='word_1_1' title='bbox 370 205 651 259; x_wconf 80' lang='grc'><strong>1111111111111</strong></span> <span class='ocrx_word' id='word_1_2' title='bbox 669 205 739 256; x_wconf 78' lang='lat' dir='ltr'>nra.</span> <span class='ocrx_word' id='word_1_3' title='bbox 757 207 813 283; x_wconf 51' lang='grc' dir='ltr'>111ἳ</span> <span class='ocrx_word' id='word_1_4' title='bbox 1029 205 1069 268; x_wconf 84' lang='grc'>61</span> 
     </span>
    </p>
   </div>
   <div class='ocr_carea' id='block_1_2' title="bbox 88 355 1163 3140">
    <p class='ocr_par' dir='ltr' id='par_1_2' title="bbox 88 355 1163 1536">
     <span class='ocr_line' id='line_1_2' title="bbox 101 355 1071 439; baseline 0.003 -22"><span class='ocrx_word' id='word_1_5' title='bbox 101 376 181 438; x_wconf 76' lang='lat' dir='ltr'>pere</span> <span class='ocrx_word' id='word_1_6' title='bbox 210 355 318 439; x_wconf 88' lang='lat' dir='ltr'>pergit</span> <span class='ocrx_word' id='word_1_7' title='bbox 344 357 440 437; x_wconf 86' lang='lat' dir='ltr'>atquc</span> <span class='ocrx_word' id='word_1_8' title='bbox 474 355 600 418; x_wconf 78' lang='lat' dir='ltr'>hostem</span> <span class='ocrx_word' id='word_1_9' title='bbox 628 376 776 419; x_wconf 88' lang='lat' dir='ltr'>securum</span> <span class='ocrx_word' id='word_1_10' title='bbox 804 356 854 420; x_wconf 87' lang='lat' dir='ltr'>sui</span> <span class='ocrx_word' id='word_1_11' title='bbox 884 356 1071 439; x_wconf 87' lang='lat' dir='ltr'>praevortit,</span> 
     </span>
     <span class='ocr_line' id='line_1_3' title="bbox 104 438 1072 523; baseline 0.002 -21"><span class='ocrx_word' id='word_1_12' title='bbox 104 445 175 503; x_wconf 90' lang='lat' dir='ltr'>tum</span> <span class='ocrx_word' id='word_1_13' title='bbox 203 438 327 523; x_wconf 78' lang='lat' dir='ltr'>ingredi</span> <span class='ocrx_word' id='word_1_14' title='bbox 362 439 483 502; x_wconf 88' lang='lat' dir='ltr'>flumen</span> <span class='ocrx_word' id='word_1_15' title='bbox 517 439 730 522; x_wconf 87' lang='lat' dir='ltr'>occipicntem</span> <span class='ocrx_word' id='word_1_16' title='bbox 763 439 981 504; x_wconf 87' lang='lat' dir='ltr'>circumvenit.</span> <span class='ocrx_word' id='word_1_17' title='bbox 1011 441 1072 510; x_wconf 73' lang='lat' dir='ltr'>¹ita</span> 
     </span>
     <span class='ocr_line' id='line_1_4' title="bbox 99 523 1163 609; baseline 0.004 -21"><span class='ocrx_word' id='word_1_18' title='bbox 99 545 243 606; x_wconf 77' lang='lat' dir='ltr'>cumque</span> <span class='ocrx_word' id='word_1_19' title='bbox 266 528 299 587; x_wconf 89' lang='lat' dir='ltr'>et</span> <span class='ocrx_word' id='word_1_20' title='bbox 321 544 440 606; x_wconf 88' lang='lat' dir='ltr'>omnes,</span> <span class='ocrx_word' id='word_1_21' title='bbox 464 523 520 608; x_wconf 88' lang='lat' dir='ltr'>qui</span> <span class='ocrx_word' id='word_1_22' title='bbox 542 525 674 588; x_wconf 87' lang='lat' dir='ltr'>comites</span> <span class='ocrx_word' id='word_1_23' title='bbox 696 524 808 609; x_wconf 83' lang='lat' dir='ltr'>regulo</span> <span class='ocrx_word' id='word_1_24' title='bbox 832 524 942 589; x_wconf 91' lang='lat' dir='ltr'>dolum</span> <span class='ocrx_word' id='word_1_25' title='bbox 962 524 1072 590; x_wconf 86' lang='lat' dir='ltr'>huius·</span> <span class='ocrx_word' id='word_1_26' title='bbox 1160 587 1163 593; x_wconf 89' lang='lat'>.</span> 
     </span>
     <span class='ocr_line' id='line_1_5' title="bbox 104 607 1115 692; baseline 0 -20"><span class='ocrx_word' id='word_1_27' title='bbox 104 607 195 672; x_wconf 89' lang='lat' dir='ltr'>modi</span> <span class='ocrx_word' id='word_1_28' title='bbox 216 608 455 692; x_wconf 81' lang='lat' dir='ltr'>ignoraverant,</span> <span class='ocrx_word' id='word_1_29' title='bbox 479 608 703 691; x_wconf 81' lang='lat' dir='ltr'>exinproviso</span> <span class='ocrx_word' id='word_1_30' title='bbox 727 609 894 674; x_wconf 88' lang='lat' dir='ltr'>interficit:</span> <span class='ocrx_word' id='word_1_31' title='bbox 918 612 952 673; x_wconf 91' lang='lat' dir='ltr'>at</span> <span class='ocrx_word' id='word_1_32' title='bbox 973 631 1071 692; x_wconf 89' lang='lat' dir='ltr'>quen·</span> <span class='ocrx_word' id='word_1_33' title='bbox 1109 624 1115 634; x_wconf 67' lang='grc'><strong>“</strong></span> 
     </span>
     <span class='ocr_line' id='line_1_6' title="bbox 100 692 1098 776; baseline -0.002 -21"><span class='ocrx_word' id='word_1_34' title='bbox 100 692 180 756; x_wconf 89' lang='lat' dir='ltr'>dam</span> <span class='ocrx_word' id='word_1_35' title='bbox 219 692 360 756; x_wconf 89' lang='lat' dir='ltr'>filiorum</span> <span class='ocrx_word' id='word_1_36' title='bbox 395 692 516 757; x_wconf 81' lang='lat' dir='ltr'>Priami</span> <span class='ocrx_word' id='word_1_37' title='bbox 550 693 816 776; x_wconf 84' lang='lat' dir='ltr'>comprehensum</span> <span class='ocrx_word' id='word_1_38' title='bbox 853 715 930 758; x_wconf 87' lang='lat' dir='ltr'>mox</span> <span class='ocrx_word' id='word_1_39' title='bbox 958 694 1098 758; x_wconf 76' lang='lat' dir='ltr'>excisiss</span> 
     </span>
     <span class='ocr_line' id='line_1_7' title="bbox 105 776 1072 863; baseline 0 -21"><span class='ocrx_word' id='word_1_40' title='bbox 105 777 255 842; x_wconf 90' lang='lat' dir='ltr'>manibus</span> <span class='ocrx_word' id='word_1_41' title='bbox 277 777 317 840; x_wconf 86' lang='lat' dir='ltr'>ad</span> <span class='ocrx_word' id='word_1_42' title='bbox 338 776 501 840; x_wconf 83' lang='lat' dir='ltr'>civitatem</span> <span class='ocrx_word' id='word_1_43' title='bbox 523 778 659 842; x_wconf 89' lang='lat' dir='ltr'>remittit</span> <span class='ocrx_word' id='word_1_44' title='bbox 678 779 863 842; x_wconf 90' lang='lat' dir='ltr'>nuntiatum</span> <span class='ocrx_word' id='word_1_45' title='bbox 885 782 1072 863; x_wconf 86' lang='lat' dir='ltr'>quaegesta</span> 
     </span>
     <span class='ocr_line' id='line_1_8' title="bbox 106 861 1073 944; baseline 0 -18"><span class='ocrx_word' id='word_1_46' title='bbox 106 865 200 926; x_wconf 84' lang='lat' dir='ltr'>erant</span> <span class='ocrx_word' id='word_1_47' title='bbox 251 863 262 925; x_wconf 90' lang='lat' dir='ltr'>i</span> <span class='ocrx_word' id='word_1_48' title='bbox 286 883 319 924; x_wconf 87' lang='lat' dir='ltr'>se</span> <span class='ocrx_word' id='word_1_49' title='bbox 342 882 415 924; x_wconf 90' lang='lat' dir='ltr'>cum</span> <span class='ocrx_word' id='word_1_50' title='bbox 443 861 537 926; x_wconf 89' lang='lat' dir='ltr'>caede</span> <span class='ocrx_word' id='word_1_51' title='bbox 564 862 792 944; x_wconf 83' lang='lat' dir='ltr'>inimicissimi,</span> <span class='ocrx_word' id='word_1_52' title='bbox 821 866 891 927; x_wconf 91' lang='lat' dir='ltr'>tum</span> <span class='ocrx_word' id='word_1_53' title='bbox 917 863 1073 927; x_wconf 89' lang='lat' dir='ltr'>memoria</span> 
     </span>
     <span class='ocr_line' id='line_1_9' title="bbox 105 884 1072 1030; baseline 0.002 -22"><span class='ocrx_word' id='word_1_54' title='bbox 105 945 228 1011; x_wconf 91' lang='lat' dir='ltr'>doloris</span> <span class='ocrx_word' id='word_1_55' title='bbox 255 884 347 1010; x_wconf 67' lang='grc'><strong>111111</strong></span> <span class='ocrx_word' id='word_1_56' title='bbox 383 945 557 1029; x_wconf 87' lang='lat' dir='ltr'>spoliatum</span> <span class='ocrx_word' id='word_1_57' title='bbox 590 947 687 1011; x_wconf 87' lang='lat' dir='ltr'>armis</span> <span class='ocrx_word' id='word_1_58' title='bbox 714 946 856 1030; x_wconf 90' lang='lat' dir='ltr'>hostem,</span> <span class='ocrx_word' id='word_1_59' title='bbox 889 969 965 1012; x_wconf 86' lang='lat' dir='ltr'>mox</span> <span class='ocrx_word' id='word_1_60' title='bbox 998 968 1072 1012; x_wconf 89' lang='lat' dir='ltr'>con-</span> 
     </span>
     <span class='ocr_line' id='line_1_10' title="bbox 106 1030 1071 1114; baseline 0.002 -20"><span class='ocrx_word' id='word_1_61' title='bbox 106 1031 228 1094; x_wconf 84' lang='lat' dir='ltr'>strictis</span> <span class='ocrx_word' id='word_1_62' title='bbox 255 1031 291 1094; x_wconf 90' lang='lat' dir='ltr'>in</span> <span class='ocrx_word' id='word_1_63' title='bbox 318 1051 418 1094; x_wconf 89' lang='lat' dir='ltr'>unum</span> <span class='ocrx_word' id='word_1_64' title='bbox 446 1030 581 1114; x_wconf 87' lang='lat' dir='ltr'>pedibus</span> <span class='ocrx_word' id='word_1_65' title='bbox 613 1030 743 1096; x_wconf 85' lang='lat' dir='ltr'>vinculo</span> <span class='ocrx_word' id='word_1_66' title='bbox 774 1033 881 1096; x_wconf 89' lang='lat' dir='ltr'>currui</span> <span class='ocrx_word' id='word_1_67' title='bbox 931 1035 1071 1096; x_wconf 87' lang='lat' dir='ltr'>ostremo</span> 
     </span>
     <span class='ocr_line' id='line_1_11' title="bbox 88 1055 929 1199; baseline 0.002 -22"><span class='ocrx_word' id='word_1_68' title='bbox 88 1115 262 1195; x_wconf 79' lang='lat' dir='ltr'>adnectit,</span> <span class='ocrx_word' id='word_1_69' title='bbox 290 1115 364 1178; x_wconf 87' lang='lat' dir='ltr'>dein</span> <span class='ocrx_word' id='word_1_70' title='bbox 392 1115 448 1179; x_wconf 93' lang='lat' dir='ltr'>ubi</span> <span class='ocrx_word' id='word_1_71' title='bbox 476 1116 620 1180; x_wconf 85' lang='lat' dir='ltr'>ascendit</span> <span class='ocrx_word' id='word_1_72' title='bbox 646 1117 730 1199; x_wconf 88' lang='lat' dir='ltr'>ipse,</span> <span class='ocrx_word' id='word_1_73' title='bbox 761 1055 929 1181; x_wconf 75' lang='lat' dir='ltr'>Automed</span> 
     </span>
     <span class='ocr_line' id='line_1_12' title="bbox 105 1198 1072 1284; baseline 0.002 -22"><span class='ocrx_word' id='word_1_74' title='bbox 105 1203 213 1282; x_wconf 87' lang='lat' dir='ltr'>perat,</span> <span class='ocrx_word' id='word_1_75' title='bbox 236 1198 327 1263; x_wconf 89' lang='lat' dir='ltr'>daret</span> <span class='ocrx_word' id='word_1_76' title='bbox 348 1198 418 1262; x_wconf 88' lang='lat' dir='ltr'>lora</span> <span class='ocrx_word' id='word_1_77' title='bbox 440 1199 539 1283; x_wconf 86' lang='lat' dir='ltr'>equis.</span> <span class='ocrx_word' id='word_1_78' title='bbox 576 1201 623 1264; x_wconf 91' lang='lat' dir='ltr'>ita</span> <span class='ocrx_word' id='word_1_79' title='bbox 644 1222 738 1264; x_wconf 84' lang='lat' dir='ltr'>curru</span> <span class='ocrx_word' id='word_1_80' title='bbox 761 1201 889 1265; x_wconf 89' lang='lat' dir='ltr'>concito</span> <span class='ocrx_word' id='word_1_81' title='bbox 911 1222 969 1284; x_wconf 86' lang='lat' dir='ltr'>per</span> <span class='ocrx_word' id='word_1_82' title='bbox 990 1222 1072 1264; x_wconf 89' lang='lat' dir='ltr'>cam-</span> 
     </span>
     <span class='ocr_line' id='line_1_13' title="bbox 104 1284 1072 1368; baseline 0.001 -22"><span class='ocrx_word' id='word_1_83' title='bbox 104 1306 200 1367; x_wconf 86' lang='lat' dir='ltr'>pum,</span> <span class='ocrx_word' id='word_1_84' title='bbox 234 1305 298 1367; x_wconf 88' lang='lat' dir='ltr'>qua</span> <span class='ocrx_word' id='word_1_85' title='bbox 331 1284 468 1348; x_wconf 83' lang='lat' dir='ltr'>maxime</span> <span class='ocrx_word' id='word_1_86' title='bbox 497 1284 557 1348; x_wconf 90' lang='lat' dir='ltr'>visi</span> <span class='ocrx_word' id='word_1_87' title='bbox 590 1288 732 1368; x_wconf 88' lang='lat' dir='ltr'>poterat,</span> <span class='ocrx_word' id='word_1_88' title='bbox 767 1285 914 1368; x_wconf 86' lang='lat' dir='ltr'>pervolat</span> <span class='ocrx_word' id='word_1_89' title='bbox 946 1284 1072 1349; x_wconf 89' lang='lat' dir='ltr'>hostem</span> 
     </span>
     <span class='ocr_line' id='line_1_14' title="bbox 104 1367 1072 1454; baseline 0.002 -24"><span class='ocrx_word' id='word_1_90' title='bbox 104 1367 289 1431; x_wconf 87' lang='lat' dir='ltr'>mirandum</span> <span class='ocrx_word' id='word_1_91' title='bbox 317 1369 352 1431; x_wconf 90' lang='lat' dir='ltr'>in</span> <span class='ocrx_word' id='word_1_92' title='bbox 380 1368 510 1432; x_wconf 90' lang='lat' dir='ltr'>modum</span> <span class='ocrx_word' id='word_1_93' title='bbox 533 1369 799 1440; x_wconf 86' lang='lat' dir='ltr'>circumtrahens:</span> <span class='ocrx_word' id='word_1_94' title='bbox 826 1389 927 1454; x_wconf 86' lang='lat' dir='ltr'>genus</span> <span class='ocrx_word' id='word_1_95' title='bbox 949 1390 1072 1452; x_wconf 85' lang='lat' dir='ltr'>poenae</span> 
     </span>
     <span class='ocr_line' id='line_1_15' title="bbox 102 1452 539 1536; baseline 0.005 -21"><span class='ocrx_word' id='word_1_96' title='bbox 102 1474 228 1516; x_wconf 83' lang='lat' dir='ltr'>novum</span> <span class='ocrx_word' id='word_1_97' title='bbox 250 1452 539 1536; x_wconf 82' lang='lat' dir='ltr'>miserandumque.</span> 
     </span>
    </p>

    <p class='ocr_par' dir='ltr' id='par_1_3' title="bbox 100 1535 1111 3140">
     <span class='ocr_line' id='line_1_16' title="bbox 151 1535 1110 1620; baseline -0.004 -21"><span class='ocrx_word' id='word_1_98' title='bbox 151 1581 153 1586; x_wconf 88' lang='lat'>-</span> <span class='ocrx_word' id='word_1_99' title='bbox 193 1535 281 1600; x_wconf 91' lang='lat' dir='ltr'>XVI.</span> <span class='ocrx_word' id='word_1_100' title='bbox 321 1537 366 1600; x_wconf 80' lang='lat' dir='ltr'>At</span> <span class='ocrx_word' id='word_1_101' title='bbox 387 1537 471 1620; x_wconf 88' lang='lat' dir='ltr'>apud</span> <span class='ocrx_word' id='word_1_102' title='bbox 486 1537 617 1602; x_wconf 83' lang='lat' dir='ltr'>Troiam</span> <span class='ocrx_word' id='word_1_103' title='bbox 645 1538 701 1601; x_wconf 91' lang='lat' dir='ltr'>ubi</span> <span class='ocrx_word' id='word_1_104' title='bbox 723 1537 827 1620; x_wconf 87' lang='lat' dir='ltr'>spolia</span> <span class='ocrx_word' id='word_1_105' title='bbox 848 1537 997 1602; x_wconf 73' lang='lat' dir='ltr'>Hectoris</span> <span class='ocrx_word' id='word_1_106' title='bbox 1020 1536 1071 1602; x_wconf 89' lang='lat' dir='ltr'>de·</span> <span class='ocrx_word' id='word_1_107' title='bbox 1085 1555 1110 1596; x_wconf 84' lang='lat'>15</span> 
     </span>
     <span class='ocr_line' id='line_1_17' title="bbox 106 1621 1071 1707; baseline 0.002 -23"><span class='ocrx_word' id='word_1_108' title='bbox 106 1642 203 1704; x_wconf 89' lang='lat' dir='ltr'>super</span> <span class='ocrx_word' id='word_1_109' title='bbox 225 1643 263 1684; x_wconf 85' lang='lat' dir='ltr'>ex</span> <span class='ocrx_word' id='word_1_110' title='bbox 277 1621 377 1684; x_wconf 88' lang='lat' dir='ltr'>muris</span> <span class='ocrx_word' id='word_1_111' title='bbox 393 1621 655 1705; x_wconf 85' lang='lat' dir='ltr'>animadvertere,</span> <span class='ocrx_word' id='word_1_112' title='bbox 672 1644 753 1706; x_wconf 88' lang='lat' dir='ltr'>quae</span> <span class='ocrx_word' id='word_1_113' title='bbox 770 1621 884 1687; x_wconf 77' lang='lat' dir='ltr'>Graeci</span> <span class='ocrx_word' id='word_1_114' title='bbox 901 1626 1071 1707; x_wconf 88' lang='lat' dir='ltr'>praecepto</span> 
     </span>
     <span class='ocr_line' id='line_1_18' title="bbox 105 1705 1072 1790; baseline 0.001 -21"><span class='ocrx_word' id='word_1_115' title='bbox 105 1705 192 1790; x_wconf 86' lang='lat' dir='ltr'>regis</span> <span class='ocrx_word' id='word_1_116' title='bbox 216 1709 290 1769; x_wconf 86' lang='lat' dir='ltr'>ante</span> <span class='ocrx_word' id='word_1_117' title='bbox 313 1726 369 1770; x_wconf 91' lang='lat' dir='ltr'>ora</span> <span class='ocrx_word' id='word_1_118' title='bbox 383 1705 526 1770; x_wconf 90' lang='lat' dir='ltr'>hostium</span> <span class='ocrx_word' id='word_1_119' title='bbox 540 1707 774 1790; x_wconf 71' lang='lat' dir='ltr'>praetulerant,</span> <span class='ocrx_word' id='word_1_120' title='bbox 798 1711 831 1770; x_wconf 89' lang='lat' dir='ltr'>et</span> <span class='ocrx_word' id='word_1_121' title='bbox 851 1706 936 1770; x_wconf 89' lang='lat' dir='ltr'>filius</span> <span class='ocrx_word' id='word_1_122' title='bbox 951 1707 1072 1770; x_wconf 87' lang='lat' dir='ltr'>Priami</span> 
     </span>
     <span class='ocr_line' id='line_1_19' title="bbox 104 1790 1072 1876; baseline -0.001 -21"><span class='ocrx_word' id='word_1_123' title='bbox 104 1790 299 1873; x_wconf 88' lang='lat' dir='ltr'>praemissus</span> <span class='ocrx_word' id='word_1_124' title='bbox 322 1790 362 1854; x_wconf 88' lang='lat' dir='ltr'>ab</span> <span class='ocrx_word' id='word_1_125' title='bbox 383 1790 511 1854; x_wconf 81' lang='lat' dir='ltr'>Achille</span> <span class='ocrx_word' id='word_1_126' title='bbox 538 1812 607 1855; x_wconf 89' lang='lat' dir='ltr'>rem</span> <span class='ocrx_word' id='word_1_127' title='bbox 634 1796 672 1855; x_wconf 92' lang='lat' dir='ltr'>ut</span> <span class='ocrx_word' id='word_1_128' title='bbox 699 1795 791 1876; x_wconf 85' lang='lat' dir='ltr'>gesta</span> <span class='ocrx_word' id='word_1_129' title='bbox 818 1794 888 1854; x_wconf 90' lang='lat' dir='ltr'>erat</span> <span class='ocrx_word' id='word_1_130' title='bbox 903 1790 1072 1872; x_wconf 76' lang='lat' dir='ltr'>disseruit,</span> 
     </span>
     <span class='ocr_line' id='line_1_20' title="bbox 104 1873 1072 1958; baseline 0 -20"><span class='ocrx_word' id='word_1_131' title='bbox 104 1878 217 1938; x_wconf 88' lang='lat' dir='ltr'>tantus</span> <span class='ocrx_word' id='word_1_132' title='bbox 244 1873 386 1958; x_wconf 88' lang='lat' dir='ltr'>undique</span> <span class='ocrx_word' id='word_1_133' title='bbox 414 1895 524 1940; x_wconf 83' lang='lat' dir='ltr'>versus</span> <span class='ocrx_word' id='word_1_134' title='bbox 552 1897 609 1958; x_wconf 90' lang='lat' dir='ltr'>per</span> <span class='ocrx_word' id='word_1_135' title='bbox 641 1879 743 1958; x_wconf 86' lang='lat' dir='ltr'>totam</span> <span class='ocrx_word' id='word_1_136' title='bbox 772 1875 934 1939; x_wconf 86' lang='lat' dir='ltr'>civitatem</span> <span class='ocrx_word' id='word_1_137' title='bbox 967 1874 1072 1938; x_wconf 89' lang='lat' dir='ltr'>luctus</span> 
     </span>
     <span class='ocr_line' id='line_1_21' title="bbox 103 1958 1110 2043; baseline -0.002 -19"><span class='ocrx_word' id='word_1_138' title='bbox 103 1963 204 2043; x_wconf 87' lang='lat' dir='ltr'>atque</span> <span class='ocrx_word' id='word_1_139' title='bbox 220 1959 341 2023; x_wconf 85' lang='lat' dir='ltr'>clamor</span> <span class='ocrx_word' id='word_1_140' title='bbox 357 1958 470 2042; x_wconf 87' lang='lat' dir='ltr'>editur,</span> <span class='ocrx_word' id='word_1_141' title='bbox 494 1963 530 2023; x_wconf 91' lang='lat' dir='ltr'>ut</span> <span class='ocrx_word' id='word_1_142' title='bbox 545 1981 619 2024; x_wconf 86' lang='lat' dir='ltr'>aves</span> <span class='ocrx_word' id='word_1_143' title='bbox 635 1961 731 2026; x_wconf 81' lang='lat' dir='ltr'>etiam</span> <span class='ocrx_word' id='word_1_144' title='bbox 749 1963 972 2024; x_wconf 78' lang='lat' dir='ltr'>consternatae</span> <span class='ocrx_word' id='word_1_145' title='bbox 987 1959 1072 2023; x_wconf 84' lang='lat' dir='ltr'>voci·</span> <span class='ocrx_word' id='word_1_146' title='bbox 1084 1977 1110 2016; x_wconf 79' lang='lat'>20</span> 
     </span>
     <span class='ocr_line' id='line_1_22' title="bbox 105 2043 1073 2108; baseline -0.001 -1"><span class='ocrx_word' id='word_1_147' title='bbox 105 2045 167 2108; x_wconf 88' lang='lat' dir='ltr'>bus</span> <span class='ocrx_word' id='word_1_148' title='bbox 196 2044 262 2107; x_wconf 89' lang='lat' dir='ltr'>alto</span> <span class='ocrx_word' id='word_1_149' title='bbox 292 2043 444 2107; x_wconf 80' lang='lat' dir='ltr'>decidisse</span> <span class='ocrx_word' id='word_1_150' title='bbox 467 2045 672 2108; x_wconf 86' lang='lat' dir='ltr'>crederentur</span> <span class='ocrx_word' id='word_1_151' title='bbox 704 2045 823 2108; x_wconf 82' lang='lat' dir='ltr'>nostris</span> <span class='ocrx_word' id='word_1_152' title='bbox 846 2065 918 2106; x_wconf 92' lang='lat' dir='ltr'>cum</span> <span class='ocrx_word' id='word_1_153' title='bbox 940 2043 1073 2107; x_wconf 84' lang='lat' dir='ltr'>insulta-</span> 
     </span>
     <span class='ocr_line' id='line_1_23' title="bbox 105 2127 1072 2210; baseline -0.003 -17"><span class='ocrx_word' id='word_1_154' title='bbox 105 2129 196 2193; x_wconf 86' lang='lat' dir='ltr'>tione</span> <span class='ocrx_word' id='word_1_155' title='bbox 224 2128 481 2193; x_wconf 86' lang='lat' dir='ltr'>reclamantibus.</span> <span class='ocrx_word' id='word_1_156' title='bbox 532 2150 568 2192; x_wconf 88' lang='lat' dir='ltr'>ac</span> <span class='ocrx_word' id='word_1_157' title='bbox 596 2150 671 2192; x_wconf 87' lang='lat' dir='ltr'>mox</span> <span class='ocrx_word' id='word_1_158' title='bbox 699 2149 737 2190; x_wconf 87' lang='lat' dir='ltr'>ex</span> <span class='ocrx_word' id='word_1_159' title='bbox 765 2127 854 2191; x_wconf 91' lang='lat' dir='ltr'>omni</span> <span class='ocrx_word' id='word_1_160' title='bbox 881 2131 971 2210; x_wconf 88' lang='lat' dir='ltr'>parte</span> <span class='ocrx_word' id='word_1_161' title='bbox 996 2128 1072 2191; x_wconf 91' lang='lat' dir='ltr'>urbs</span> 
     </span>
     <span class='ocr_line' id='line_1_24' title="bbox 100 2211 1073 2296; baseline -0.001 -19"><span class='ocrx_word' id='word_1_162' title='bbox 100 2212 283 2277; x_wconf 85' lang='lat' dir='ltr'>clauditur:</span> <span class='ocrx_word' id='word_1_163' title='bbox 311 2212 460 2276; x_wconf 86' lang='lat' dir='ltr'>foedatur</span> <span class='ocrx_word' id='word_1_164' title='bbox 487 2213 580 2296; x_wconf 87' lang='lat' dir='ltr'>regni</span> <span class='ocrx_word' id='word_1_165' title='bbox 608 2212 737 2276; x_wconf 88' lang='lat' dir='ltr'>habitus</span> <span class='ocrx_word' id='word_1_166' title='bbox 766 2217 862 2295; x_wconf 89' lang='lat' dir='ltr'>atque</span> <span class='ocrx_word' id='word_1_167' title='bbox 884 2212 920 2275; x_wconf 89' lang='lat' dir='ltr'>in</span> <span class='ocrx_word' id='word_1_168' title='bbox 941 2211 1073 2276; x_wconf 87' lang='lat' dir='ltr'>modum</span> 
     </span>
     <span class='ocr_line' id='line_1_25' title="bbox 107 2296 1072 2382; baseline 0 -22"><span class='ocrx_word' id='word_1_169' title='bbox 107 2297 280 2382; x_wconf 80' lang='lat' dir='ltr'>lugubrem</span> <span class='ocrx_word' id='word_1_170' title='bbox 294 2296 521 2379; x_wconf 87' lang='lat' dir='ltr'>funestumque</span> <span class='ocrx_word' id='word_1_171' title='bbox 539 2297 677 2362; x_wconf 88' lang='lat' dir='ltr'>obducta</span> <span class='ocrx_word' id='word_1_172' title='bbox 697 2297 795 2361; x_wconf 82' lang='lat' dir='ltr'>facies</span> <span class='ocrx_word' id='word_1_173' title='bbox 811 2296 964 2361; x_wconf 86' lang='lat' dir='ltr'>civitatis:</span> <span class='ocrx_word' id='word_1_174' title='bbox 989 2318 1072 2380; x_wconf 84' lang='lat' dir='ltr'>oum,</span> 
     </span>
     <span class='ocr_line' id='line_1_26' title="bbox 106 2379 1111 2465; baseline 0 -20"><span class='ocrx_word' id='word_1_175' title='bbox 106 2381 192 2446; x_wconf 85' lang='lat' dir='ltr'>sicut</span> <span class='ocrx_word' id='word_1_176' title='bbox 219 2381 254 2444; x_wconf 90' lang='lat' dir='ltr'>in</span> <span class='ocrx_word' id='word_1_177' title='bbox 281 2381 339 2445; x_wconf 89' lang='lat' dir='ltr'>tali</span> <span class='ocrx_word' id='word_1_178' title='bbox 366 2381 483 2445; x_wconf 90' lang='lat' dir='ltr'>nuntio</span> <span class='ocrx_word' id='word_1_179' title='bbox 512 2379 649 2465; x_wconf 85' lang='lat' dir='ltr'>adsolet,</span> <span class='ocrx_word' id='word_1_180' title='bbox 678 2385 809 2464; x_wconf 89' lang='lat' dir='ltr'>repente</span> <span class='ocrx_word' id='word_1_181' title='bbox 837 2402 948 2445; x_wconf 87' lang='lat' dir='ltr'>cursus</span> <span class='ocrx_word' id='word_1_182' title='bbox 975 2383 1072 2464; x_wconf 87' lang='lat' dir='ltr'>trepi-</span> <span class='ocrx_word' id='word_1_183' title='bbox 1086 2397 1111 2437; x_wconf 78' lang='lat'>25</span> 
     </span>
     <span class='ocr_line' id='line_1_27' title="bbox 104 2465 1073 2530; baseline -0.001 -1"><span class='ocrx_word' id='word_1_184' title='bbox 104 2466 254 2530; x_wconf 88' lang='lat' dir='ltr'>dantium</span> <span class='ocrx_word' id='word_1_185' title='bbox 275 2466 366 2529; x_wconf 92' lang='lat' dir='ltr'>fieret</span> <span class='ocrx_word' id='word_1_186' title='bbox 387 2465 422 2528; x_wconf 89' lang='lat' dir='ltr'>in</span> <span class='ocrx_word' id='word_1_187' title='bbox 444 2465 581 2529; x_wconf 88' lang='lat' dir='ltr'>eundem</span> <span class='ocrx_word' id='word_1_188' title='bbox 603 2465 710 2530; x_wconf 89' lang='lat' dir='ltr'>locum</span> <span class='ocrx_word' id='word_1_189' title='bbox 724 2488 761 2529; x_wconf 87' lang='lat' dir='ltr'>ac</span> <span class='ocrx_word' id='word_1_190' title='bbox 784 2466 892 2530; x_wconf 86' lang='lat' dir='ltr'>statim</span> <span class='ocrx_word' id='word_1_191' title='bbox 914 2466 984 2529; x_wconf 87' lang='lat' dir='ltr'>sine</span> <span class='ocrx_word' id='word_1_192' title='bbox 1006 2465 1073 2530; x_wconf 91' lang='lat' dir='ltr'>ulla</span> 
     </span>
     <span class='ocr_line' id='line_1_28' title="bbox 104 2549 1073 2633; baseline 0 -19"><span class='ocrx_word' id='word_1_193' title='bbox 104 2554 195 2614; x_wconf 89' lang='lat' dir='ltr'>certa</span> <span class='ocrx_word' id='word_1_194' title='bbox 217 2549 342 2614; x_wconf 88' lang='lat' dir='ltr'>ratione</span> <span class='ocrx_word' id='word_1_195' title='bbox 364 2571 422 2632; x_wconf 89' lang='lat' dir='ltr'>per</span> <span class='ocrx_word' id='word_1_196' title='bbox 437 2550 598 2613; x_wconf 84' lang='lat' dir='ltr'>diversum</span> <span class='ocrx_word' id='word_1_197' title='bbox 619 2550 713 2633; x_wconf 89' lang='lat' dir='ltr'>fuga:</span> <span class='ocrx_word' id='word_1_198' title='bbox 735 2571 823 2615; x_wconf 88' lang='lat' dir='ltr'>nunc</span> <span class='ocrx_word' id='word_1_199' title='bbox 837 2550 985 2633; x_wconf 89' lang='lat' dir='ltr'>planctus</span> <span class='ocrx_word' id='word_1_200' title='bbox 1008 2571 1073 2614; x_wconf 90' lang='lat' dir='ltr'>cre-</span> 
     </span>
     <span class='ocr_line' id='line_1_29' title="bbox 106 2633 1074 2717; baseline -0.002 -18"><span class='ocrx_word' id='word_1_201' title='bbox 106 2635 173 2717; x_wconf 88' lang='lat' dir='ltr'>bri,</span> <span class='ocrx_word' id='word_1_202' title='bbox 206 2633 302 2698; x_wconf 91' lang='lat' dir='ltr'>modo</span> <span class='ocrx_word' id='word_1_203' title='bbox 331 2634 409 2697; x_wconf 86' lang='lat' dir='ltr'>urbe</span> <span class='ocrx_word' id='word_1_204' title='bbox 437 2638 507 2698; x_wconf 88' lang='lat' dir='ltr'>tota</span> <span class='ocrx_word' id='word_1_205' title='bbox 541 2634 704 2698; x_wconf 88' lang='lat' dir='ltr'>silentium</span> <span class='ocrx_word' id='word_1_206' title='bbox 737 2656 776 2698; x_wconf 85' lang='lat' dir='ltr'>cx</span> <span class='ocrx_word' id='word_1_207' title='bbox 805 2635 939 2699; x_wconf 80' lang='lat' dir='ltr'>incerto</span> <span class='ocrx_word' id='word_1_208' title='bbox 988 2635 1074 2704; x_wconf 84' lang='lat' dir='ltr'>inter</span> 
     </span>
     <span class='ocr_line' id='line_1_30' title="bbox 106 2718 1072 2804; baseline -0.001 -21"><span class='ocrx_word' id='word_1_209' title='bbox 106 2741 190 2804; x_wconf 86' lang='lat' dir='ltr'>quae</span> <span class='ocrx_word' id='word_1_210' title='bbox 220 2723 252 2782; x_wconf 89' lang='lat' dir='ltr'>et</span> <span class='ocrx_word' id='word_1_211' title='bbox 281 2739 352 2801; x_wconf 85' lang='lat' dir='ltr'>spes</span> <span class='ocrx_word' id='word_1_212' title='bbox 380 2721 538 2786; x_wconf 86' lang='lat' dir='ltr'>extremas</span> <span class='ocrx_word' id='word_1_213' title='bbox 566 2719 660 2782; x_wconf 89' lang='lat' dir='ltr'>multi</span> <span class='ocrx_word' id='word_1_214' title='bbox 688 2718 847 2784; x_wconf 87' lang='lat' dir='ltr'>credidere</span> <span class='ocrx_word' id='word_1_215' title='bbox 876 2741 949 2783; x_wconf 91' lang='lat' dir='ltr'>cum</span> <span class='ocrx_word' id='word_1_216' title='bbox 977 2723 1072 2783; x_wconf 85' lang='lat' dir='ltr'>nocte</span> 
     </span>
     <span class='ocr_line' id='line_1_31' title="bbox 105 2801 1111 2886; baseline -0.002 -18"><span class='ocrx_word' id='word_1_217' title='bbox 105 2803 203 2868; x_wconf 85' lang='lat' dir='ltr'>simul</span> <span class='ocrx_word' id='word_1_218' title='bbox 225 2801 364 2866; x_wconf 83' lang='lat' dir='ltr'>Graecos</span> <span class='ocrx_word' id='word_1_219' title='bbox 378 2802 507 2866; x_wconf 89' lang='lat' dir='ltr'>moenia</span> <span class='ocrx_word' id='word_1_220' title='bbox 528 2803 696 2868; x_wconf 87' lang='lat' dir='ltr'>invasuros</span> <span class='ocrx_word' id='word_1_221' title='bbox 717 2804 940 2886; x_wconf 85' lang='lat' dir='ltr'>excisurosque</span> <span class='ocrx_word' id='word_1_222' title='bbox 961 2803 1111 2867; x_wconf 75' lang='lat' dir='ltr'>urbemn</span> 
     </span>
     <span class='ocr_line' id='line_1_32' title="bbox 101 2886 1073 2971; baseline -0.003 -19"><span class='ocrx_word' id='word_1_223' title='bbox 101 2910 235 2952; x_wconf 89' lang='lat' dir='ltr'>securos</span> <span class='ocrx_word' id='word_1_224' title='bbox 257 2887 390 2951; x_wconf 90' lang='lat' dir='ltr'>interitu</span> <span class='ocrx_word' id='word_1_225' title='bbox 412 2887 496 2951; x_wconf 87' lang='lat' dir='ltr'>tanti</span> <span class='ocrx_word' id='word_1_226' title='bbox 511 2886 610 2971; x_wconf 89' lang='lat' dir='ltr'>ducis,</span> <span class='ocrx_word' id='word_1_227' title='bbox 632 2887 782 2961; x_wconf 82' lang='lat' dir='ltr'>nonnulli</span> <span class='ocrx_word' id='word_1_228' title='bbox 805 2888 902 2952; x_wconf 88' lang='lat' dir='ltr'>etiam</span> <span class='ocrx_word' id='word_1_229' title='bbox 916 2908 975 2971; x_wconf 92' lang='lat' dir='ltr'>pro</span> <span class='ocrx_word' id='word_1_230' title='bbox 999 2908 1073 2950; x_wconf 91' lang='lat' dir='ltr'>con-</span> 
     </span>
     <span class='ocr_line' id='line_1_33' title="bbox 103 2971 1072 3055; baseline -0.004 -17"><span class='ocrx_word' id='word_1_231' title='bbox 103 2975 233 3038; x_wconf 86' lang='lat' dir='ltr'>firmato</span> <span class='ocrx_word' id='word_1_232' title='bbox 261 2971 379 3035; x_wconf 84' lang='lat' dir='ltr'>habere</span> <span class='ocrx_word' id='word_1_233' title='bbox 407 2971 569 3035; x_wconf 84' lang='lat' dir='ltr'>Achillem</span> <span class='ocrx_word' id='word_1_234' title='bbox 597 2973 770 3036; x_wconf 87' lang='lat' dir='ltr'>exercitum</span> <span class='ocrx_word' id='word_1_235' title='bbox 799 2993 886 3052; x_wconf 87' lang='lat' dir='ltr'>eum,</span> <span class='ocrx_word' id='word_1_236' title='bbox 915 2972 971 3055; x_wconf 93' lang='lat' dir='ltr'>qui</span> <span class='ocrx_word' id='word_1_237' title='bbox 994 2971 1072 3035; x_wconf 90' lang='lat' dir='ltr'>duce</span> 
     </span>
     <span class='ocr_line' id='line_1_34' title="bbox 103 3055 1073 3140; baseline -0.004 -18"><span class='ocrx_word' id='word_1_238' title='bbox 103 3055 313 3122; x_wconf 88' lang='lat' dir='ltr'>Penthesilea</span> <span class='ocrx_word' id='word_1_239' title='bbox 339 3055 461 3120; x_wconf 88' lang='lat' dir='ltr'>Priami</span> <span class='ocrx_word' id='word_1_240' title='bbox 489 3057 584 3120; x_wconf 89' lang='lat' dir='ltr'>rebus</span> <span class='ocrx_word' id='word_1_241' title='bbox 612 3057 732 3121; x_wconf 86' lang='lat' dir='ltr'>auxilio</span> <span class='ocrx_word' id='word_1_242' title='bbox 755 3060 901 3140; x_wconf 84' lang='lat' dir='ltr'>venerat,</span> <span class='ocrx_word' id='word_1_243' title='bbox 928 3057 1073 3140; x_wconf 89' lang='lat' dir='ltr'>partibus</span> 
     </span>
    </p>
   </div>
   <div class='ocr_carea' id='block_1_3' title="bbox 99 3343 1075 3616">
    <p class='ocr_par' dir='ltr' id='par_1_4' title="bbox 99 3343 1075 3616">
     <span class='ocr_line' id='line_1_35' title="bbox 176 3343 1075 3413; baseline -0.003 -17"><span class='ocrx_word' id='word_1_244' title='bbox 176 3349 207 3397; x_wconf 80' lang='lat'>12</span> <span class='ocrx_word' id='word_1_245' title='bbox 226 3347 369 3412; x_wconf 83' lang='lat' dir='ltr'>praenolat</span> <span class='ocrx_word' id='word_1_246' title='bbox 388 3346 435 3396; x_wconf 80' lang='lat' dir='ltr'>GB</span> <span class='ocrx_word' id='word_1_247' title='bbox 470 3345 603 3413; x_wconf 19' lang='lat' dir='ltr'>‘percolat</span> <span class='ocrx_word' id='word_1_248' title='bbox 620 3347 645 3395; x_wconf 93' lang='lat' dir='ltr'>P</span> <span class='ocrx_word' id='word_1_249' title='bbox 725 3348 756 3396; x_wconf 76' lang='lat'>17</span> <span class='ocrx_word' id='word_1_250' title='bbox 781 3343 958 3396; x_wconf 83' lang='lat' dir='ltr'>et-Achille</span> <span class='ocrx_word' id='word_1_251' title='bbox 983 3346 1075 3394; x_wconf 80' lang='lat' dir='ltr'>addidi</span> 
     </span>
     <span class='ocr_line' id='line_1_36' title="bbox 99 3413 1071 3479; baseline -0.005 -13"><span class='ocrx_word' id='word_1_252' title='bbox 99 3432 142 3466; x_wconf 70' lang='lat' dir='ltr'>-erc</span> <span class='ocrx_word' id='word_1_253' title='bbox 161 3414 218 3467; x_wconf 87' lang='lat' dir='ltr'>BP.</span> <span class='ocrx_word' id='word_1_254' title='bbox 242 3431 296 3464; x_wconf 85' lang='lat' dir='ltr'>cum</span> <span class='ocrx_word' id='word_1_255' title='bbox 318 3416 402 3466; x_wconf 75' lang='lat' dir='ltr'>desint</span> <span class='ocrx_word' id='word_1_256' title='bbox 423 3418 449 3465; x_wconf 83' lang='lat' dir='ltr'>in</span> <span class='ocrx_word' id='word_1_257' title='bbox 474 3415 506 3473; x_wconf 79' lang='lat' dir='ltr'>G,</span> <span class='ocrx_word' id='word_1_258' title='bbox 531 3423 640 3465; x_wconf 79' lang='lat' dir='ltr'>ceterum</span> <span class='ocrx_word' id='word_1_259' title='bbox 662 3415 688 3464; x_wconf 84' lang='lat' dir='ltr'>in</span> <span class='ocrx_word' id='word_1_260' title='bbox 712 3413 736 3462; x_wconf 87' lang='lat' dir='ltr'><em>B</em></span> <span class='ocrx_word' id='word_1_261' title='bbox 754 3415 846 3479; x_wconf 65' lang='lat' dir='ltr'>legitur</span> <span class='ocrx_word' id='word_1_262' title='bbox 870 3427 940 3476; x_wconf 83' lang='lat' dir='ltr'>quae</span> <span class='ocrx_word' id='word_1_263' title='bbox 957 3421 1016 3462; x_wconf 80' lang='lat' dir='ltr'>unte</span> <span class='ocrx_word' id='word_1_264' title='bbox 1036 3417 1071 3462; x_wconf 87' lang='lat' dir='ltr'>et.</span> 
     </span>
     <span class='ocr_line' id='line_1_37' title="bbox 105 3477 1073 3547; baseline -0.007 -15"><span class='ocrx_word' id='word_1_265' title='bbox 105 3487 180 3547; x_wconf 73' lang='lat' dir='ltr'>roclqo</span> <span class='ocrx_word' id='word_1_266' title='bbox 203 3485 313 3546; x_wconf 64' lang='lat' dir='ltr'>legitur:</span> <span class='ocrx_word' id='word_1_267' title='bbox 335 3488 363 3534; x_wconf 88' lang='lat' dir='ltr'>et</span> <span class='ocrx_word' id='word_1_268' title='bbox 386 3482 506 3546; x_wconf 87' lang='lat' dir='ltr'>ille-qui</span> <span class='ocrx_word' id='word_1_269' title='bbox 534 3482 634 3532; x_wconf 84' lang='lat' dir='ltr'>excisis</span> <span class='ocrx_word' id='word_1_270' title='bbox 661 3481 789 3530; x_wconf 81' lang='lat' dir='ltr'>manibus</span> <span class='ocrx_word' id='word_1_271' title='bbox 815 3479 1009 3530; x_wconf 83' lang='lat' dir='ltr'>acerbissimae</span> <span class='ocrx_word' id='word_1_272' title='bbox 1033 3477 1073 3528; x_wconf 88' lang='lat' dir='ltr'>rei</span> 
     </span>
     <span class='ocr_line' id='line_1_38' title="bbox 100 3547 946 3616; baseline -0.002 -17"><span class='ocrx_word' id='word_1_273' title='bbox 100 3550 240 3600; x_wconf 72' lang='lat' dir='ltr'>,indicium</span> <span class='ocrx_word' id='word_1_274' title='bbox 258 3551 286 3600; x_wconf 87' lang='lat' dir='ltr'>in</span> <span class='ocrx_word' id='word_1_275' title='bbox 305 3565 334 3600; x_wconf 89' lang='lat' dir='ltr'>se</span> <span class='ocrx_word' id='word_1_276' title='bbox 353 3551 411 3614; x_wconf 81' lang='lat' dir='ltr'>ipse</span> <span class='ocrx_word' id='word_1_277' title='bbox 431 3550 583 3616; x_wconf 86' lang='lat' dir='ltr'>pertulerat</span> <span class='ocrx_word' id='word_1_278' title='bbox 652 3552 684 3598; x_wconf 76' lang='lat'>22</span> <span class='ocrx_word' id='word_1_279' title='bbox 703 3564 765 3600; x_wconf 85' lang='lat' dir='ltr'>mox</span> <span class='ocrx_word' id='word_1_280' title='bbox 784 3549 871 3612; x_wconf 85' lang='lat' dir='ltr'>portis</span> <span class='ocrx_word' id='word_1_281' title='bbox 891 3547 946 3598; x_wconf 75' lang='lat'>013.</span> 
     </span>
    </p>
   </div>
   <div class='ocr_carea' id='block_1_4' title="bbox 0 0 1212 3944">
    <p class='ocr_par' dir='ltr' id='par_1_5' title="bbox 0 0 1212 3944">
     <span class='ocr_line' id='line_1_39' title="bbox 0 0 1212 3944; baseline 0 3"><span class='ocrx_word' id='word_1_282' title='bbox 0 0 1212 3944; x_wconf 95' lang='lat' dir='ltr'> </span> 
     </span>
    </p>
   </div>
   <div class='ocr_carea' id='block_1_5' title="bbox 922 1117 1200 1180">
    <p class='ocr_par' dir='ltr' id='par_1_6' title="bbox 922 1117 1200 1180">
     <span class='ocr_line' id='line_1_40' title="bbox 922 1117 1200 1180; baseline -0.022 0"><span class='ocrx_word' id='word_1_283' title='bbox 922 1117 992 1180; x_wconf 89' lang='lat' dir='ltr'>onti</span> <span class='ocrx_word' id='word_1_284' title='bbox 1014 1117 1072 1180; x_wconf 86' lang='lat' dir='ltr'>im·</span> <span class='ocrx_word' id='word_1_285' title='bbox 1087 1134 1110 1174; x_wconf 89' lang='lat'>10</span> <span class='ocrx_word' id='word_1_286' title='bbox 1199 1119 1200 1132; x_wconf 65' lang='lat'><em>³</em></span> 
     </span>
    </p>
   </div>
  </div>
 </body>
</html>
