<?xml version="1.0" encoding="UTF-8"?>
<!DOCTYPE html PUBLIC "-//W3C//DTD XHTML 1.0 Transitional//EN"
    "http://www.w3.org/TR/xhtml1/DTD/xhtml1-transitional.dtd">
<html xmlns="http://www.w3.org/1999/xhtml" xml:lang="en" lang="en">
 <head>
  <title>
</title>
<meta http-equiv="Content-Type" content="text/html;charset=utf-8" />
  <meta name='ocr-system' content='tesseract 3.04.00' />
  <meta name='ocr-capabilities' content='ocr_page ocr_carea ocr_par ocr_line ocrx_word'/>
</head>
<body>
  <div class='ocr_page' id='page_1' title='image "./ephemeridosbell00meisgoog_0320.png"; bbox 0 0 2424 3938; ppageno 0'>
   <div class='ocr_carea' id='block_1_1' title="bbox 167 182 1027 254">
    <p class='ocr_par' dir='ltr' id='par_1_1' title="bbox 167 182 1027 254">
     <span class='ocr_line' id='line_1_1' title="bbox 167 182 1027 254; baseline 0.003 -18"><span class='ocrx_word' id='word_1_1' title='bbox 167 209 171 215; x_wconf 87' lang='lat'>-</span> <span class='ocrx_word' id='word_1_2' title='bbox 276 231 280 236; x_wconf 86' lang='lat'><em>.</em></span> <span class='ocrx_word' id='word_1_3' title='bbox 407 182 661 238; x_wconf 76' lang='lat' dir='ltr'><strong>enarrarre.</strong></span> <span class='ocrx_word' id='word_1_4' title='bbox 943 207 1027 254; x_wconf 67' lang='lat' dir='ltr'><strong>xm</strong></span> 
     </span>
    </p>
   </div>
   <div class='ocr_carea' id='block_1_2' title="bbox 24 317 1040 938">
    <p class='ocr_par' dir='ltr' id='par_1_2' title="bbox 24 317 1040 938">
     <span class='ocr_line' id='line_1_2' title="bbox 27 317 1040 406; baseline 0.005 -15"><span class='ocrx_word' id='word_1_5' title='bbox 27 328 158 392; x_wconf 77' lang='lat' dir='ltr'><strong>fuerint</strong></span> <span class='ocrx_word' id='word_1_6' title='bbox 189 327 337 390; x_wconf 89' lang='lat' dir='ltr'><strong>mulieres</strong></span> <span class='ocrx_word' id='word_1_7' title='bbox 373 327 572 391; x_wconf 88' lang='lat' dir='ltr'><strong>omittantur.</strong></span> <span class='ocrx_word' id='word_1_8' title='bbox 627 325 679 390; x_wconf 83' lang='lat' dir='ltr'><strong>le</strong></span> <span class='ocrx_word' id='word_1_9' title='bbox 707 328 769 392; x_wconf 92' lang='lat' dir='ltr'><strong>hoc</strong></span> <span class='ocrx_word' id='word_1_10' title='bbox 799 317 1040 406; x_wconf 83' lang='lat' dir='ltr'><strong>historicorum¹</strong></span> 
     </span>
     <span class='ocr_line' id='line_1_3' title="bbox 27 415 1028 492; baseline 0.005 -13"><span class='ocrx_word' id='word_1_11' title='bbox 27 436 172 480; x_wconf 90' lang='lat' dir='ltr'><strong>numero</strong></span> <span class='ocrx_word' id='word_1_12' title='bbox 197 418 246 478; x_wconf 90' lang='lat' dir='ltr'><strong>est</strong></span> <span class='ocrx_word' id='word_1_13' title='bbox 269 415 366 478; x_wconf 89' lang='lat' dir='ltr'><strong>etiam</strong></span> <span class='ocrx_word' id='word_1_14' title='bbox 389 415 563 480; x_wconf 80' lang='lat' dir='ltr'><strong>Iooooes</strong></span> <span class='ocrx_word' id='word_1_15' title='bbox 585 415 758 492; x_wconf 74' lang='lat' dir='ltr'><strong>Maneat,</strong></span> <span class='ocrx_word' id='word_1_16' title='bbox 786 415 961 482; x_wconf 74' lang='lat' dir='ltr'><strong>Ioannes</strong></span> <span class='ocrx_word' id='word_1_17' title='bbox 984 421 1028 484; x_wconf 83' lang='lat' dir='ltr'><strong>ele</strong></span> 
     </span>
     <span class='ocr_line' id='line_1_4' title="bbox 27 501 1023 586; baseline 0.003 -18"><span class='ocrx_word' id='word_1_18' title='bbox 27 503 189 584; x_wconf 74' lang='lat' dir='ltr'><strong>Courcp</strong></span> <span class='ocrx_word' id='word_1_19' title='bbox 218 507 250 566; x_wconf 89' lang='lat' dir='ltr'><strong>et</strong></span> <span class='ocrx_word' id='word_1_20' title='bbox 279 506 391 567; x_wconf 89' lang='lat' dir='ltr'><strong>auctor</strong></span> <span class='ocrx_word' id='word_1_21' title='bbox 419 503 495 566; x_wconf 86' lang='lat' dir='ltr'>libri</span> <span class='ocrx_word' id='word_1_22' title='bbox 526 501 680 586; x_wconf 83' lang='lat' dir='ltr'><strong>„Beeueil</strong></span> <span class='ocrx_word' id='word_1_23' title='bbox 711 503 766 567; x_wconf 89' lang='lat' dir='ltr'><strong>des</strong></span> <span class='ocrx_word' id='word_1_24' title='bbox 789 503 950 570; x_wconf 80' lang='lat' dir='ltr'><strong>Histoires</strong></span> <span class='ocrx_word' id='word_1_25' title='bbox 973 528 1023 571; x_wconf 76' lang='lat' dir='ltr'><strong>ro-</strong></span> 
     </span>
     <span class='ocr_line' id='line_1_5' title="bbox 25 589 1028 678; baseline 0.002 -22"><span class='ocrx_word' id='word_1_26' title='bbox 25 589 189 674; x_wconf 84' lang='lat' dir='ltr'><strong>maines“,</strong></span> <span class='ocrx_word' id='word_1_27' title='bbox 218 592 269 655; x_wconf 92' lang='lat' dir='ltr'><strong>cui</strong></span> <span class='ocrx_word' id='word_1_28' title='bbox 295 594 405 656; x_wconf 88' lang='lat' dir='ltr'><strong>tamen</strong></span> <span class='ocrx_word' id='word_1_29' title='bbox 429 589 536 670; x_wconf 79' lang='lat' dir='ltr'><strong>Guido</strong></span> <span class='ocrx_word' id='word_1_30' title='bbox 561 591 599 654; x_wconf 91' lang='lat' dir='ltr'><strong>de</strong></span> <span class='ocrx_word' id='word_1_31' title='bbox 623 589 779 655; x_wconf 77' lang='lat' dir='ltr'>Columna</span> <span class='ocrx_word' id='word_1_32' title='bbox 805 614 872 657; x_wconf 91' lang='lat' dir='ltr'><strong>non</strong></span> <span class='ocrx_word' id='word_1_33' title='bbox 894 594 1028 678; x_wconf 82' lang='lat' dir='ltr'><strong>ignotus</strong></span> 
     </span>
     <span class='ocr_line' id='line_1_6' title="bbox 26 679 1025 762; baseline 0.002 -18"><span class='ocrx_word' id='word_1_34' title='bbox 26 684 116 744; x_wconf 90' lang='lat' dir='ltr'><strong>erat:</strong></span> <span class='ocrx_word' id='word_1_35' title='bbox 141 679 177 744; x_wconf 93' lang='lat' dir='ltr'><strong>hi</strong></span> <span class='ocrx_word' id='word_1_36' title='bbox 200 683 232 743; x_wconf 90' lang='lat' dir='ltr'><strong>et</strong></span> <span class='ocrx_word' id='word_1_37' title='bbox 255 679 310 743; x_wconf 91' lang='lat' dir='ltr'><strong>alii</strong></span> <span class='ocrx_word' id='word_1_38' title='bbox 324 680 504 762; x_wconf 76' lang='lat' dir='ltr'><strong>complures</strong></span> <span class='ocrx_word' id='word_1_39' title='bbox 518 679 680 762; x_wconf 86' lang='lat' dir='ltr'><strong>inprimis</strong></span> <span class='ocrx_word' id='word_1_40' title='bbox 694 679 905 758; x_wconf 75' lang='lat' dir='ltr'><strong>BenedJ&#39;eturn</strong></span> <span class='ocrx_word' id='word_1_41' title='bbox 925 683 1025 746; x_wconf 86' lang='lat' dir='ltr'><strong>secuti</strong></span> 
     </span>
     <span class='ocr_line' id='line_1_7' title="bbox 24 767 1025 852; baseline 0.002 -20"><span class='ocrx_word' id='word_1_42' title='bbox 24 789 197 852; x_wconf 82' lang='lat' dir='ltr'><strong>nusquam</strong></span> <span class='ocrx_word' id='word_1_43' title='bbox 230 768 281 832; x_wconf 93' lang='lat' dir='ltr'><strong>sui</strong></span> <span class='ocrx_word' id='word_1_44' title='bbox 312 767 412 832; x_wconf 85' lang='lat' dir='ltr'><strong>fontis</strong></span> <span class='ocrx_word' id='word_1_45' title='bbox 446 768 644 833; x_wconf 89' lang='lat' dir='ltr'><strong>mentionem</strong></span> <span class='ocrx_word' id='word_1_46' title='bbox 680 767 838 851; x_wconf 86' lang='lat' dir='ltr'><strong>fecerunt,</strong></span> <span class='ocrx_word' id='word_1_47' title='bbox 880 770 921 834; x_wconf 87' lang='lat' dir='ltr'><strong>ob</strong></span> <span class='ocrx_word' id='word_1_48' title='bbox 954 792 1025 834; x_wconf 90' lang='lat' dir='ltr'><strong>eam</strong></span> 
     </span>
     <span class='ocr_line' id='line_1_8' title="bbox 25 855 1028 938; baseline -0.003 -17"><span class='ocrx_word' id='word_1_49' title='bbox 25 878 176 937; x_wconf 87' lang='lat' dir='ltr'><strong>causam,</strong></span> <span class='ocrx_word' id='word_1_50' title='bbox 200 855 285 938; x_wconf 92' lang='lat' dir='ltr'><strong>quod</strong></span> <span class='ocrx_word' id='word_1_51' title='bbox 307 855 369 920; x_wconf 90' lang='lat' dir='ltr'><strong>hoc</strong></span> <span class='ocrx_word' id='word_1_52' title='bbox 384 877 504 922; x_wconf 88' lang='lat' dir='ltr'><strong>nomen</strong></span> <span class='ocrx_word' id='word_1_53' title='bbox 517 855 582 920; x_wconf 89' lang='lat' dir='ltr'><strong>iam</strong></span> <span class='ocrx_word' id='word_1_54' title='bbox 598 856 759 920; x_wconf 88' lang='lat' dir='ltr'><strong>oblivione</strong></span> <span class='ocrx_word' id='word_1_55' title='bbox 783 857 933 923; x_wconf 86' lang='lat' dir='ltr'><strong>obrutum</strong></span> <span class='ocrx_word' id='word_1_56' title='bbox 957 863 1028 924; x_wconf 89' lang='lat' dir='ltr'><strong>erat</strong></span> 
     </span>
    </p>
   </div>
   <div class='ocr_carea' id='block_1_3' title="bbox 23 929 1195 1031">
    <p class='ocr_par' dir='ltr' id='par_1_3' title="bbox 23 929 1195 1031">
     <span class='ocr_line' id='line_1_9' title="bbox 23 929 1195 1031; baseline 0.001 -20"><span class='ocrx_word' id='word_1_57' title='bbox 23 965 138 1031; x_wconf 69' lang='lat' dir='ltr'><strong>neque</strong></span> <span class='ocrx_word' id='word_1_58' title='bbox 162 944 259 1008; x_wconf 83' lang='lat' dir='ltr'><strong>iniis</strong></span> <span class='ocrx_word' id='word_1_59' title='bbox 283 929 399 1027; x_wconf 68' lang='lat' dir='ltr'><strong>quibui</strong></span> <span class='ocrx_word' id='word_1_60' title='bbox 422 945 596 1011; x_wconf 72' lang='lat' dir='ltr'><strong>urebantur</strong></span> <span class='ocrx_word' id='word_1_61' title='bbox 619 944 710 1008; x_wconf 70' lang='lat' dir='ltr'><strong>riuos</strong></span> <span class='ocrx_word' id='word_1_62' title='bbox 733 947 959 1029; x_wconf 76' lang='lat' dir='ltr'><strong>reperiebatur.</strong></span> <span class='ocrx_word' id='word_1_63' title='bbox 1064 1000 1066 1004; x_wconf 91' lang='lat'><em>.</em></span> <span class='ocrx_word' id='word_1_64' title='bbox 1187 999 1195 1012; x_wconf 91' lang='lat'><strong>.</strong></span> 
     </span>
    </p>
   </div>
   <div class='ocr_carea' id='block_1_4' title="bbox 11 1031 1033 3142">
    <p class='ocr_par' dir='ltr' id='par_1_4' title="bbox 21 1031 1026 1630">
     <span class='ocr_line' id='line_1_10' title="bbox 123 1031 1025 1099; baseline 0.001 -1"><span class='ocrx_word' id='word_1_65' title='bbox 123 1031 250 1098; x_wconf 83' lang='lat' dir='ltr'><strong>Eadem</strong></span> <span class='ocrx_word' id='word_1_66' title='bbox 276 1032 356 1098; x_wconf 86' lang='lat' dir='ltr'><strong>haee</strong></span> <span class='ocrx_word' id='word_1_67' title='bbox 378 1033 513 1098; x_wconf 85' lang='lat' dir='ltr'><strong>materia</strong></span> <span class='ocrx_word' id='word_1_68' title='bbox 543 1053 623 1098; x_wconf 86' lang='lat' dir='ltr'><strong>saec.</strong></span> <span class='ocrx_word' id='word_1_69' title='bbox 646 1031 707 1097; x_wconf 88' lang='lat' dir='ltr'><strong>XV</strong></span> <span class='ocrx_word' id='word_1_70' title='bbox 735 1034 830 1099; x_wconf 89' lang='lat' dir='ltr'><strong>soh&#39;to</strong></span> <span class='ocrx_word' id='word_1_71' title='bbox 858 1034 923 1098; x_wconf 84' lang='lat' dir='ltr'><strong>illis</strong></span> <span class='ocrx_word' id='word_1_72' title='bbox 946 1039 1025 1099; x_wconf 85' lang='lat' dir='ltr'><strong>tem·</strong></span> 
     </span>
     <span class='ocr_line' id='line_1_11' title="bbox 22 1121 1024 1207; baseline -0.001 -18"><span class='ocrx_word' id='word_1_73' title='bbox 22 1123 168 1207; x_wconf 87' lang='lat' dir='ltr'><strong>poribus</strong></span> <span class='ocrx_word' id='word_1_74' title='bbox 178 1121 512 1204; x_wconf 71' lang='lat' dir='ltr'><strong>moreinMysterie&#39;s</strong></span> <span class='ocrx_word' id='word_1_75' title='bbox 520 1124 660 1186; x_wconf 89' lang='lat' dir='ltr'><strong>tractata</strong></span> <span class='ocrx_word' id='word_1_76' title='bbox 670 1125 731 1186; x_wconf 89' lang='lat' dir='ltr'><strong>est:</strong></span> <span class='ocrx_word' id='word_1_77' title='bbox 754 1123 870 1187; x_wconf 91' lang='lat' dir='ltr'><strong>namle</strong></span> <span class='ocrx_word' id='word_1_78' title='bbox 883 1123 1024 1206; x_wconf 75' lang='lat' dir='ltr'><strong>Mystere</strong></span> 
     </span>
     <span class='ocr_line' id='line_1_12' title="bbox 23 1208 1026 1295; baseline 0.001 -21"><span class='ocrx_word' id='word_1_79' title='bbox 23 1213 63 1276; x_wconf 89' lang='lat' dir='ltr'><strong>de</strong></span> <span class='ocrx_word' id='word_1_80' title='bbox 95 1211 133 1274; x_wconf 93' lang='lat' dir='ltr'><strong>la</strong></span> <span class='ocrx_word' id='word_1_81' title='bbox 156 1208 365 1274; x_wconf 87' lang='lat' dir='ltr'><strong>Destruction</strong></span> <span class='ocrx_word' id='word_1_82' title='bbox 391 1210 430 1274; x_wconf 91' lang='lat' dir='ltr'><strong>de</strong></span> <span class='ocrx_word' id='word_1_83' title='bbox 453 1209 547 1274; x_wconf 84' lang='lat' dir='ltr'><strong>Troie</strong></span> <span class='ocrx_word' id='word_1_84' title='bbox 575 1210 607 1273; x_wconf 92' lang='lat' dir='ltr'><strong>la</strong></span> <span class='ocrx_word' id='word_1_85' title='bbox 634 1208 738 1275; x_wconf 78' lang='lat' dir='ltr'><strong>Grant</strong></span> <span class='ocrx_word' id='word_1_86' title='bbox 765 1232 858 1295; x_wconf 88' lang='lat' dir='ltr'><strong>quem</strong></span> <span class='ocrx_word' id='word_1_87' title='bbox 887 1234 915 1275; x_wconf 88' lang='lat' dir='ltr'><strong>a.</strong></span> <span class='ocrx_word' id='word_1_88' title='bbox 940 1211 1026 1275; x_wconf 79' lang='lat'>1450</span> 
     </span>
     <span class='ocr_line' id='line_1_13' title="bbox 23 1295 1024 1384; baseline -0.002 -19"><span class='ocrx_word' id='word_1_89' title='bbox 23 1299 167 1383; x_wconf 74' lang='lat' dir='ltr'><strong>scripsit</strong></span> <span class='ocrx_word' id='word_1_90' title='bbox 202 1297 362 1364; x_wconf 78' lang='lat' dir='ltr'><strong>Jacooes</strong></span> <span class='ocrx_word' id='word_1_91' title='bbox 396 1295 559 1384; x_wconf 48' lang='lat' dir='ltr'><strong>Mellae)</strong></span> <span class='ocrx_word' id='word_1_92' title='bbox 596 1299 771 1362; x_wconf 84' lang='lat' dir='ltr'><strong>maximam</strong></span> <span class='ocrx_word' id='word_1_93' title='bbox 807 1301 932 1382; x_wconf 88' lang='lat' dir='ltr'><strong>partem</strong></span> <span class='ocrx_word' id='word_1_94' title='bbox 968 1299 1024 1363; x_wconf 91' lang='lat' dir='ltr'><strong>illo</strong></span> 
     </span>
     <span class='ocr_line' id='line_1_14' title="bbox 21 1385 1025 1473; baseline -0.003 -20"><span class='ocrx_word' id='word_1_95' title='bbox 21 1390 159 1470; x_wconf 88' lang='lat' dir='ltr'><strong>nititur,</strong></span> <span class='ocrx_word' id='word_1_96' title='bbox 187 1387 323 1473; x_wconf 91' lang='lat' dir='ltr'><strong>denique</strong></span> <span class='ocrx_word' id='word_1_97' title='bbox 347 1408 427 1451; x_wconf 89' lang='lat' dir='ltr'><strong>saec.</strong></span> <span class='ocrx_word' id='word_1_98' title='bbox 450 1385 529 1450; x_wconf 90' lang='lat' dir='ltr'><strong>XVI</strong></span> <span class='ocrx_word' id='word_1_99' title='bbox 555 1387 591 1450; x_wconf 93' lang='lat' dir='ltr'><strong>in</strong></span> <span class='ocrx_word' id='word_1_100' title='bbox 622 1386 812 1471; x_wconf 84' lang='lat' dir='ltr'><strong>tragoediis,</strong></span> <span class='ocrx_word' id='word_1_101' title='bbox 845 1389 882 1449; x_wconf 88' lang='lat' dir='ltr'><strong>ut</strong></span> <span class='ocrx_word' id='word_1_102' title='bbox 903 1387 938 1450; x_wconf 91' lang='lat' dir='ltr'><strong>in</strong></span> <span class='ocrx_word' id='word_1_103' title='bbox 960 1389 1025 1450; x_wconf 88' lang='lat' dir='ltr'><strong>tra-</strong></span> 
     </span>
     <span class='ocr_line' id='line_1_15' title="bbox 21 1473 1026 1562; baseline -0.005 -20"><span class='ocrx_word' id='word_1_104' title='bbox 21 1477 151 1562; x_wconf 81' lang='lat' dir='ltr'><strong>goedia</strong></span> <span class='ocrx_word' id='word_1_105' title='bbox 200 1474 321 1540; x_wconf 80' lang='lat' dir='ltr'>Hector</span> <span class='ocrx_word' id='word_1_106' title='bbox 364 1475 544 1558; x_wconf 87' lang='lat' dir='ltr'><strong>composita</strong></span> <span class='ocrx_word' id='word_1_107' title='bbox 587 1475 627 1538; x_wconf 88' lang='lat' dir='ltr'><strong>ab</strong></span> <span class='ocrx_word' id='word_1_108' title='bbox 671 1475 759 1540; x_wconf 71' lang='lat' dir='ltr'><strong>Aac.</strong></span> <span class='ocrx_word' id='word_1_109' title='bbox 805 1475 847 1538; x_wconf 85' lang='lat' dir='ltr'><strong>de</strong></span> <span class='ocrx_word' id='word_1_110' title='bbox 893 1473 1026 1538; x_wconf 80' lang='lat' dir='ltr'><strong>Mout-</strong></span> 
     </span>
     <span class='ocr_line' id='line_1_16' title="bbox 21 1566 290 1630; baseline -0.007 -1"><span class='ocrx_word' id='word_1_111' title='bbox 21 1566 245 1630; x_wconf 75' lang='lat' dir='ltr'><strong>clrrestr&#39;ea.</strong></span> <span class='ocrx_word' id='word_1_112' title='bbox 287 1605 290 1612; x_wconf 86' lang='lat'>·</span> 
     </span>
    </p>

    <p class='ocr_par' dir='ltr' id='par_1_5' title="bbox 17 1650 1029 2352">
     <span class='ocr_line' id='line_1_17' title="bbox 122 1650 1029 1736; baseline -0.002 -20"><span class='ocrx_word' id='word_1_113' title='bbox 122 1651 238 1736; x_wconf 83' lang='lat' dir='ltr'><strong>Neque</strong></span> <span class='ocrx_word' id='word_1_114' title='bbox 260 1651 366 1734; x_wconf 27' lang='lat' dir='ltr'><strong>,solum</strong></span> <span class='ocrx_word' id='word_1_115' title='bbox 388 1673 445 1735; x_wconf 90' lang='lat' dir='ltr'><strong>per</strong></span> <span class='ocrx_word' id='word_1_116' title='bbox 467 1650 724 1736; x_wconf 81' lang='lat' dir='ltr'><strong>Francogalliam</strong></span> <span class='ocrx_word' id='word_1_117' title='bbox 753 1651 806 1715; x_wconf 89' lang='lat' dir='ltr'><strong>sed</strong></span> <span class='ocrx_word' id='word_1_118' title='bbox 835 1671 892 1733; x_wconf 89' lang='lat' dir='ltr'><strong>per</strong></span> <span class='ocrx_word' id='word_1_119' title='bbox 915 1671 1029 1714; x_wconf 89' lang='lat' dir='ltr'><strong>omnes</strong></span> 
     </span>
     <span class='ocr_line' id='line_1_18' title="bbox 20 1738 1025 1824; baseline -0.003 -19"><span class='ocrx_word' id='word_1_120' title='bbox 20 1744 96 1806; x_wconf 82' lang='lat' dir='ltr'><strong>fere</strong></span> <span class='ocrx_word' id='word_1_121' title='bbox 131 1739 284 1824; x_wconf 80' lang='lat' dir='ltr'><strong>Europae</strong></span> <span class='ocrx_word' id='word_1_122' title='bbox 315 1743 417 1804; x_wconf 86' lang='lat' dir='ltr'><strong>terras</strong></span> <span class='ocrx_word' id='word_1_123' title='bbox 445 1739 533 1803; x_wconf 86' lang='lat' dir='ltr'><strong>fama</strong></span> <span class='ocrx_word' id='word_1_124' title='bbox 562 1739 729 1804; x_wconf 72' lang='lat' dir='ltr'><strong>Benedicti</strong></span> <span class='ocrx_word' id='word_1_125' title='bbox 759 1738 926 1822; x_wconf 85' lang='lat' dir='ltr'><strong>divulgata</strong></span> <span class='ocrx_word' id='word_1_126' title='bbox 963 1742 1025 1802; x_wconf 88' lang='lat' dir='ltr'><strong>est:</strong></span> 
     </span>
     <span class='ocr_line' id='line_1_19' title="bbox 19 1826 1027 1914; baseline -0.006 -19"><span class='ocrx_word' id='word_1_127' title='bbox 19 1832 154 1914; x_wconf 88' lang='lat' dir='ltr'><strong>ubique</strong></span> <span class='ocrx_word' id='word_1_128' title='bbox 179 1831 350 1893; x_wconf 77' lang='lat' dir='ltr'><strong>sectatores</strong></span> <span class='ocrx_word' id='word_1_129' title='bbox 374 1831 406 1892; x_wconf 87' lang='lat' dir='ltr'><strong>et</strong></span> <span class='ocrx_word' id='word_1_130' title='bbox 427 1827 605 1892; x_wconf 85' lang='lat' dir='ltr'><strong>imitatores</strong></span> <span class='ocrx_word' id='word_1_131' title='bbox 628 1827 763 1907; x_wconf 85' lang='lat' dir='ltr'><strong>invenit,</strong></span> <span class='ocrx_word' id='word_1_132' title='bbox 794 1827 829 1888; x_wconf 91' lang='lat' dir='ltr'><strong>in</strong></span> <span class='ocrx_word' id='word_1_133' title='bbox 856 1826 968 1908; x_wconf 85' lang='lat' dir='ltr'><strong>primis</strong></span> <span class='ocrx_word' id='word_1_134' title='bbox 992 1827 1027 1889; x_wconf 90' lang='lat' dir='ltr'><strong>in</strong></span> 
     </span>
     <span class='ocr_line' id='line_1_20' title="bbox 20 1912 1027 1998; baseline -0.007 -16"><span class='ocrx_word' id='word_1_135' title='bbox 20 1917 212 1982; x_wconf 85' lang='lat' dir='ltr'><strong>Germania</strong></span> <span class='ocrx_word' id='word_1_136' title='bbox 239 1919 271 1981; x_wconf 86' lang='lat' dir='ltr'><strong>et</strong></span> <span class='ocrx_word' id='word_1_137' title='bbox 293 1916 402 1997; x_wconf 86' lang='lat' dir='ltr'><strong>Italia,</strong></span> <span class='ocrx_word' id='word_1_138' title='bbox 435 1915 473 1979; x_wconf 91' lang='lat' dir='ltr'><strong>de</strong></span> <span class='ocrx_word' id='word_1_139' title='bbox 497 1915 612 1998; x_wconf 90' lang='lat' dir='ltr'><strong>quibus</strong></span> <span class='ocrx_word' id='word_1_140' title='bbox 635 1915 731 1997; x_wconf 90' lang='lat' dir='ltr'><strong>paulo</strong></span> <span class='ocrx_word' id='word_1_141' title='bbox 755 1913 917 1996; x_wconf 89' lang='lat' dir='ltr'><strong>copiosius</strong></span> <span class='ocrx_word' id='word_1_142' title='bbox 941 1912 1027 1976; x_wconf 87' lang='lat' dir='ltr'><strong>infra</strong></span> 
     </span>
     <span class='ocr_line' id='line_1_21' title="bbox 20 1999 1027 2092; baseline -0.007 -21"><span class='ocrx_word' id='word_1_143' title='bbox 20 2027 178 2092; x_wconf 85' lang='lat' dir='ltr'><strong>agemus.</strong></span> <span class='ocrx_word' id='word_1_144' title='bbox 238 2003 279 2068; x_wconf 89' lang='lat' dir='ltr'><strong>In</strong></span> <span class='ocrx_word' id='word_1_145' title='bbox 321 2003 533 2068; x_wconf 80' lang='lat' dir='ltr'><strong>Helluadio</strong></span> <span class='ocrx_word' id='word_1_146' title='bbox 574 2024 654 2066; x_wconf 88' lang='lat' dir='ltr'><strong>saec.</strong></span> <span class='ocrx_word' id='word_1_147' title='bbox 690 2000 769 2064; x_wconf 86' lang='lat' dir='ltr'>XIII</span> <span class='ocrx_word' id='word_1_148' title='bbox 794 1999 925 2073; x_wconf 53' lang='lat' dir='ltr'><strong>,Jacob</strong></span> <span class='ocrx_word' id='word_1_149' title='bbox 956 2021 1027 2064; x_wconf 79' lang='lat' dir='ltr'><strong>oure</strong></span> 
     </span>
     <span class='ocr_line' id='line_1_22' title="bbox 18 2088 1027 2178; baseline -0.009 -18"><span class='ocrx_word' id='word_1_150' title='bbox 18 2094 231 2160; x_wconf 71' lang='lat' dir='ltr'><strong>nraerraor</strong></span> <span class='ocrx_word' id='word_1_151' title='bbox 240 2089 266 2178; x_wconf 78' lang='grc'><strong>2)</strong></span> <span class='ocrx_word' id='word_1_152' title='bbox 281 2113 354 2156; x_wconf 93' lang='lat' dir='ltr'><strong>eum</strong></span> <span class='ocrx_word' id='word_1_153' title='bbox 368 2092 596 2174; x_wconf 88' lang='lat' dir='ltr'><strong>interpretatus</strong></span> <span class='ocrx_word' id='word_1_154' title='bbox 611 2093 672 2154; x_wconf 90' lang='lat' dir='ltr'><strong>est:</strong></span> <span class='ocrx_word' id='word_1_155' title='bbox 694 2090 757 2154; x_wconf 89' lang='lat' dir='ltr'><strong>hue</strong></span> <span class='ocrx_word' id='word_1_156' title='bbox 776 2088 916 2172; x_wconf 87' lang='lat' dir='ltr'><strong>pertinet</strong></span> <span class='ocrx_word' id='word_1_157' title='bbox 929 2089 1027 2152; x_wconf 93' lang='lat' dir='ltr'><strong>etiam</strong></span> 
     </span>
     <span class='ocr_line' id='line_1_23' title="bbox 17 2175 1026 2263; baseline -0.008 -16"><span class='ocrx_word' id='word_1_158' title='bbox 17 2183 120 2247; x_wconf 88' lang='lat' dir='ltr'><strong>haud</strong></span> <span class='ocrx_word' id='word_1_159' title='bbox 145 2181 241 2245; x_wconf 91' lang='lat' dir='ltr'><strong>dubie</strong></span> <span class='ocrx_word' id='word_1_160' title='bbox 262 2179 329 2263; x_wconf 84' lang='lat' dir='ltr'><strong>„De</strong></span> <span class='ocrx_word' id='word_1_161' title='bbox 348 2179 563 2262; x_wconf 84' lang='lat' dir='ltr'><strong>Trojaensche</strong></span> <span class='ocrx_word' id='word_1_162' title='bbox 585 2175 756 2262; x_wconf 59' lang='lat' dir='ltr'><strong>vorlogrffl),</strong></span> <span class='ocrx_word' id='word_1_163' title='bbox 779 2197 874 2260; x_wconf 91' lang='lat' dir='ltr'><strong>quem</strong></span> <span class='ocrx_word' id='word_1_164' title='bbox 898 2176 1026 2259; x_wconf 85' lang='lat' dir='ltr'><strong>scripsit</strong></span> 
     </span>
     <span class='ocr_line' id='line_1_24' title="bbox 17 2267 433 2352; baseline -0.01 -16"><span class='ocrx_word' id='word_1_165' title='bbox 17 2271 149 2352; x_wconf 73' lang='lat' dir='ltr'><strong>Seper</strong></span> <span class='ocrx_word' id='word_1_166' title='bbox 171 2267 433 2350; x_wconf 75' lang='lat' dir='ltr'><strong>Dierepoclpuf.</strong></span> 
     </span>
    </p>

    <p class='ocr_par' dir='ltr' id='par_1_6' title="bbox 11 2351 1033 3142">
     <span class='ocr_line' id='line_1_25' title="bbox 124 2351 1026 2439; baseline -0.006 -18"><span class='ocrx_word' id='word_1_167' title='bbox 124 2355 255 2422; x_wconf 83' lang='lat' dir='ltr'><strong>Certam</strong></span> <span class='ocrx_word' id='word_1_168' title='bbox 277 2359 402 2439; x_wconf 84' lang='lat' dir='ltr'><strong>partem</strong></span> <span class='ocrx_word' id='word_1_169' title='bbox 426 2355 597 2439; x_wconf 77' lang='lat' dir='ltr'><strong>quandam,</strong></span> <span class='ocrx_word' id='word_1_170' title='bbox 618 2374 733 2435; x_wconf 89' lang='lat' dir='ltr'><strong>nempe</strong></span> <span class='ocrx_word' id='word_1_171' title='bbox 757 2374 899 2417; x_wconf 90' lang='lat' dir='ltr'><strong>amorem</strong></span> <span class='ocrx_word' id='word_1_172' title='bbox 923 2351 1026 2417; x_wconf 80' lang='lat' dir='ltr'><strong>Troili</strong></span> 
     </span>
     <span class='ocr_line' id='line_1_26' title="bbox 18 2440 1027 2526; baseline -0.009 -15"><span class='ocrx_word' id='word_1_173' title='bbox 18 2453 57 2512; x_wconf 85' lang='lat' dir='ltr'><strong>et</strong></span> <span class='ocrx_word' id='word_1_174' title='bbox 99 2445 270 2510; x_wconf 89' lang='lat' dir='ltr'><strong>Briseidae</strong></span> <span class='ocrx_word' id='word_1_175' title='bbox 304 2443 499 2526; x_wconf 88' lang='lat' dir='ltr'><strong>lepidissime</strong></span> <span class='ocrx_word' id='word_1_176' title='bbox 535 2464 554 2505; x_wconf 93' lang='lat' dir='ltr'><strong>a</strong></span> <span class='ocrx_word' id='word_1_177' title='bbox 580 2440 755 2505; x_wconf 82' lang='lat' dir='ltr'><strong>Benedicto</strong></span> <span class='ocrx_word' id='word_1_178' title='bbox 785 2444 958 2506; x_wconf 87' lang='lat' dir='ltr'><strong>tractatam</strong></span> <span class='ocrx_word' id='word_1_179' title='bbox 991 2441 1027 2503; x_wconf 91' lang='lat' dir='ltr'><strong>in</strong></span> 
     </span>
     <span class='ocr_line' id='line_1_27' title="bbox 15 2527 1027 2614; baseline -0.008 -15"><span class='ocrx_word' id='word_1_180' title='bbox 15 2535 130 2599; x_wconf 88' lang='lat' dir='ltr'><strong>Italia</strong></span> <span class='ocrx_word' id='word_1_181' title='bbox 157 2532 342 2597; x_wconf 85' lang='lat' dir='ltr'><strong>felicissime</strong></span> <span class='ocrx_word' id='word_1_182' title='bbox 369 2532 513 2595; x_wconf 89' lang='lat' dir='ltr'><strong>imitatus</strong></span> <span class='ocrx_word' id='word_1_183' title='bbox 537 2533 587 2594; x_wconf 89' lang='lat' dir='ltr'><strong>est</strong></span> <span class='ocrx_word' id='word_1_184' title='bbox 608 2527 862 2614; x_wconf 47' lang='lat' dir='ltr'><strong>Baccanae)</strong></span> <span class='ocrx_word' id='word_1_185' title='bbox 885 2530 920 2595; x_wconf 87' lang='lat' dir='ltr'><strong>iu</strong></span> <span class='ocrx_word' id='word_1_186' title='bbox 942 2527 1027 2592; x_wconf 91' lang='lat' dir='ltr'><strong>libro</strong></span> 
     </span>
     <span class='ocr_line' id='line_1_28' title="bbox 17 2615 1028 2708; baseline -0.007 -21"><span class='ocrx_word' id='word_1_187' title='bbox 17 2645 130 2708; x_wconf 92' lang='lat' dir='ltr'><strong>quem</strong></span> <span class='ocrx_word' id='word_1_188' title='bbox 154 2617 319 2704; x_wconf 84' lang='lat' dir='ltr'><strong>inscripsit</strong></span> <span class='ocrx_word' id='word_1_189' title='bbox 340 2617 527 2683; x_wconf 82' lang='lat' dir='ltr'><strong>Filostrato:</strong></span> <span class='ocrx_word' id='word_1_190' title='bbox 551 2618 603 2682; x_wconf 89' lang='lat' dir='ltr'><strong>hic</strong></span> <span class='ocrx_word' id='word_1_191' title='bbox 627 2639 708 2682; x_wconf 88' lang='lat' dir='ltr'><strong>saec.</strong></span> <span class='ocrx_word' id='word_1_192' title='bbox 731 2615 810 2679; x_wconf 82' lang='lat' dir='ltr'><strong>XIV</strong></span> <span class='ocrx_word' id='word_1_193' title='bbox 834 2619 968 2680; x_wconf 88' lang='lat' dir='ltr'><strong>exeunte</strong></span> <span class='ocrx_word' id='word_1_194' title='bbox 985 2617 1028 2680; x_wconf 76' lang='lat' dir='ltr'><strong>dn</strong></span> 
     </span>
     <span class='ocr_line' id='line_1_29' title="bbox 13 2704 1028 2792; baseline -0.009 -17"><span class='ocrx_word' id='word_1_195' title='bbox 13 2709 268 2792; x_wconf 83' lang='lat' dir='ltr'><strong>Francogallia,</strong></span> <span class='ocrx_word' id='word_1_196' title='bbox 293 2729 365 2772; x_wconf 94' lang='lat' dir='ltr'><strong>cum</strong></span> <span class='ocrx_word' id='word_1_197' title='bbox 388 2707 453 2770; x_wconf 91' lang='lat' dir='ltr'><strong>iam</strong></span> <span class='ocrx_word' id='word_1_198' title='bbox 466 2727 561 2770; x_wconf 89' lang='lat' dir='ltr'><strong>nemo</strong></span> <span class='ocrx_word' id='word_1_199' title='bbox 575 2704 740 2769; x_wconf 90' lang='lat' dir='ltr'><strong>Benedicti</strong></span> <span class='ocrx_word' id='word_1_200' title='bbox 755 2725 884 2768; x_wconf 88' lang='lat' dir='ltr'><strong>carmen</strong></span> <span class='ocrx_word' id='word_1_201' title='bbox 897 2705 1028 2787; x_wconf 79' lang='lat' dir='ltr'><strong>legeret,</strong></span> 
     </span>
     <span class='ocr_line' id='line_1_30' title="bbox 14 2789 1027 2880; baseline -0.012 -16"><span class='ocrx_word' id='word_1_202' title='bbox 14 2826 38 2864; x_wconf 86' lang='lat' dir='ltr'><strong>a</strong></span> <span class='ocrx_word' id='word_1_203' title='bbox 81 2797 239 2880; x_wconf 80' lang='lat' dir='ltr'><strong>(Petro)</strong></span> <span class='ocrx_word' id='word_1_204' title='bbox 276 2795 458 2860; x_wconf 82' lang='lat' dir='ltr'><strong>Beouooo</strong></span> <span class='ocrx_word' id='word_1_205' title='bbox 494 2795 529 2858; x_wconf 91' lang='lat' dir='ltr'><strong>in</strong></span> <span class='ocrx_word' id='word_1_206' title='bbox 566 2794 711 2878; x_wconf 80' lang='lat' dir='ltr'><strong>linguam</strong></span> <span class='ocrx_word' id='word_1_207' title='bbox 749 2789 1027 2875; x_wconf 84' lang='lat' dir='ltr'><strong>Franoogallicam</strong></span> 
     </span>
     <span class='ocr_line' id='line_1_31' title="bbox 11 2877 1027 2952; baseline -0.012 1"><span class='ocrx_word' id='word_1_208' title='bbox 11 2907 148 2952; x_wconf 87' lang='lat' dir='ltr'><strong>versus</strong></span> <span class='ocrx_word' id='word_1_209' title='bbox 185 2889 249 2949; x_wconf 86' lang='lat' dir='ltr'><strong>est:</strong></span> <span class='ocrx_word' id='word_1_210' title='bbox 303 2888 335 2947; x_wconf 91' lang='lat' dir='ltr'><strong>et</strong></span> <span class='ocrx_word' id='word_1_211' title='bbox 372 2881 539 2948; x_wconf 86' lang='lat' dir='ltr'><strong>Benedicti</strong></span> <span class='ocrx_word' id='word_1_212' title='bbox 573 2901 703 2946; x_wconf 90' lang='lat' dir='ltr'><strong>carmen</strong></span> <span class='ocrx_word' id='word_1_213' title='bbox 744 2881 776 2942; x_wconf 92' lang='lat' dir='ltr'><strong>et</strong></span> <span class='ocrx_word' id='word_1_214' title='bbox 806 2877 1027 2942; x_wconf 81' lang='lat' dir='ltr'><strong>Beceute&#39;um</strong></span> 
     </span>
     <span class='ocr_line' id='line_1_32' title="bbox 14 2966 1028 3048; baseline -0.012 -8"><span class='ocrx_word' id='word_1_215' title='bbox 14 2977 181 3040; x_wconf 81' lang='lat' dir='ltr'><strong>imitatus</strong></span> <span class='ocrx_word' id='word_1_216' title='bbox 220 2967 418 3038; x_wconf 76' lang='lat' dir='ltr'><strong>Otoucer&#39;</strong></span> <span class='ocrx_word' id='word_1_217' title='bbox 447 2969 671 3035; x_wconf 87' lang='lat' dir='ltr'><strong>celeberrimus</strong></span> <span class='ocrx_word' id='word_1_218' title='bbox 707 2966 895 3030; x_wconf 88' lang='lat' dir='ltr'><strong>Britanniae</strong></span> <span class='ocrx_word' id='word_1_219' title='bbox 931 2968 1028 3048; x_wconf 88' lang='lat' dir='ltr'><strong>poeta</strong></span> 
     </span>
     <span class='ocr_line' id='line_1_33' title="bbox 13 3051 1033 3142; baseline -0.014 -13"><span class='ocrx_word' id='word_1_220' title='bbox 13 3067 120 3131; x_wconf 76' lang='lat' dir='ltr'><strong>cirea</strong></span> <span class='ocrx_word' id='word_1_221' title='bbox 153 3084 181 3126; x_wconf 91' lang='lat' dir='ltr'><strong>a.</strong></span> <span class='ocrx_word' id='word_1_222' title='bbox 212 3061 298 3125; x_wconf 78' lang='lat'>1360</span> <span class='ocrx_word' id='word_1_223' title='bbox 326 3057 508 3142; x_wconf 87' lang='lat' dir='ltr'><strong>composuit</strong></span> <span class='ocrx_word' id='word_1_224' title='bbox 533 3051 628 3140; x_wconf 55' lang='lat' dir='ltr'><strong>&#39;,‚here</strong></span> <span class='ocrx_word' id='word_1_225' title='bbox 664 3054 830 3120; x_wconf 83' lang='lat' dir='ltr'><strong>followeth</strong></span> <span class='ocrx_word' id='word_1_226' title='bbox 868 3052 957 3118; x_wconf 89' lang='lat' dir='ltr'><strong>Boke</strong></span> <span class='ocrx_word' id='word_1_227' title='bbox 994 3051 1033 3116; x_wconf 84' lang='lat' dir='ltr'><strong>of</strong></span> 
     </span>
    </p>
   </div>
   <div class='ocr_carea' id='block_1_5' title="bbox 108 3295 1029 3376">
    <p class='ocr_par' dir='ltr' id='par_1_7' title="bbox 108 3295 1029 3376">
     <span class='ocr_line' id='line_1_34' title="bbox 108 3295 1029 3376; baseline -0.012 -16"><span class='ocrx_word' id='word_1_228' title='bbox 108 3307 127 3376; x_wconf 85' lang='lat'><strong>¹)</strong></span> <span class='ocrx_word' id='word_1_229' title='bbox 156 3306 221 3374; x_wconf 78' lang='lat' dir='ltr'><strong>Joly</strong></span> <span class='ocrx_word' id='word_1_230' title='bbox 242 3305 262 3359; x_wconf 90' lang='lat' dir='ltr'><strong>l.</strong></span> <span class='ocrx_word' id='word_1_231' title='bbox 281 3305 299 3358; x_wconf 91' lang='lat' dir='ltr'><strong>l.</strong></span> <span class='ocrx_word' id='word_1_232' title='bbox 319 3323 346 3374; x_wconf 89' lang='lat' dir='ltr'><strong>p.</strong></span> <span class='ocrx_word' id='word_1_233' title='bbox 371 3309 424 3358; x_wconf 89' lang='grc'><strong>434</strong></span> <span class='ocrx_word' id='word_1_234' title='bbox 448 3321 507 3372; x_wconf 89' lang='lat' dir='ltr'><strong>sqq.</strong></span> <span class='ocrx_word' id='word_1_235' title='bbox 601 3301 621 3370; x_wconf 63' lang='lat'><strong>2)</strong></span> <span class='ocrx_word' id='word_1_236' title='bbox 646 3300 718 3354; x_wconf 90' lang='lat' dir='ltr'><strong>edid.</strong></span> <span class='ocrx_word' id='word_1_237' title='bbox 742 3299 927 3366; x_wconf 85' lang='lat' dir='ltr'><strong>Blommaert,</strong></span> <span class='ocrx_word' id='word_1_238' title='bbox 954 3295 1029 3350; x_wconf 93' lang='lat' dir='ltr'><strong>Oud-</strong></span> 
     </span>
    </p>
   </div>
   <div class='ocr_carea' id='block_1_6' title="bbox 7 3365 1029 3515">
    <p class='ocr_par' dir='ltr' id='par_1_8' title="bbox 7 3365 1029 3515">
     <span class='ocr_line' id='line_1_35' title="bbox 7 3365 1027 3446; baseline -0.013 -13"><span class='ocrx_word' id='word_1_239' title='bbox 7 3377 194 3434; x_wconf 79' lang='lat' dir='ltr'><strong>vlaemsehe</strong></span> <span class='ocrx_word' id='word_1_240' title='bbox 213 3375 343 3446; x_wconf 77' lang='lat' dir='ltr'><strong>ge&#39;dIchte</strong></span> <span class='ocrx_word' id='word_1_241' title='bbox 362 3375 411 3428; x_wconf 90' lang='lat' dir='ltr'><strong>der</strong></span> <span class='ocrx_word' id='word_1_242' title='bbox 427 3373 496 3440; x_wconf 68' lang='lat' dir='ltr'><strong>XII„</strong></span> <span class='ocrx_word' id='word_1_243' title='bbox 515 3373 587 3426; x_wconf 87' lang='lat' dir='ltr'>XIII.</span> <span class='ocrx_word' id='word_1_244' title='bbox 609 3389 642 3426; x_wconf 88' lang='lat' dir='ltr'><strong>en</strong></span> <span class='ocrx_word' id='word_1_245' title='bbox 652 3371 726 3424; x_wconf 89' lang='lat' dir='ltr'>XIV.</span> <span class='ocrx_word' id='word_1_246' title='bbox 745 3370 867 3424; x_wconf 86' lang='lat' dir='ltr'><strong>Eeuwen</strong></span> <span class='ocrx_word' id='word_1_247' title='bbox 885 3369 919 3436; x_wconf 91' lang='lat' dir='ltr'><strong>II,</strong></span> <span class='ocrx_word' id='word_1_248' title='bbox 940 3372 972 3420; x_wconf 75' lang='lat'><strong>73</strong></span> <span class='ocrx_word' id='word_1_249' title='bbox 993 3365 1027 3420; x_wconf 86' lang='lat' dir='ltr'><strong>of.</strong></span> 
     </span>
     <span class='ocr_line' id='line_1_36' title="bbox 7 3435 1029 3515; baseline -0.014 -9"><span class='ocrx_word' id='word_1_250' title='bbox 7 3453 96 3506; x_wconf 77' lang='lat' dir='ltr'><strong>Ilun</strong></span> <span class='ocrx_word' id='word_1_251' title='bbox 119 3463 151 3502; x_wconf 86' lang='lat' dir='ltr'><strong>er</strong></span> <span class='ocrx_word' id='word_1_252' title='bbox 168 3447 188 3500; x_wconf 94' lang='lat' dir='ltr'><strong>l.</strong></span> <span class='ocrx_word' id='word_1_253' title='bbox 197 3445 216 3500; x_wconf 89' lang='lat' dir='ltr'><strong>l.</strong></span> <span class='ocrx_word' id='word_1_254' title='bbox 231 3465 258 3515; x_wconf 89' lang='lat' dir='ltr'><strong>p.</strong></span> <span class='ocrx_word' id='word_1_255' title='bbox 269 3451 302 3500; x_wconf 85' lang='lat'><strong>39</strong></span> <span class='ocrx_word' id='word_1_256' title='bbox 317 3444 443 3513; x_wconf 85' lang='lat' dir='ltr'><strong>Bartsch,</strong></span> <span class='ocrx_word' id='word_1_257' title='bbox 463 3442 598 3498; x_wconf 87' lang='lat' dir='ltr'><strong>Albrecht</strong></span> <span class='ocrx_word' id='word_1_258' title='bbox 611 3457 667 3496; x_wconf 82' lang='lat' dir='ltr'><strong>von</strong></span> <span class='ocrx_word' id='word_1_259' title='bbox 680 3439 864 3495; x_wconf 82' lang='lat' dir='ltr'><strong>Helberstadt</strong></span> <span class='ocrx_word' id='word_1_260' title='bbox 877 3457 904 3507; x_wconf 88' lang='lat' dir='ltr'><strong>p.</strong></span> <span class='ocrx_word' id='word_1_261' title='bbox 919 3435 1029 3492; x_wconf 83' lang='lat' dir='ltr'>XLOV.</span> 
     </span>
    </p>
   </div>
   <div class='ocr_carea' id='block_1_7' title="bbox 9 3511 849 3584">
    <p class='ocr_par' dir='ltr' id='par_1_9' title="bbox 9 3511 849 3584">
     <span class='ocr_line' id='line_1_37' title="bbox 9 3511 849 3584; baseline -0.004 -16"><span class='ocrx_word' id='word_1_262' title='bbox 9 3525 35 3582; x_wconf 50' lang='grc' dir='ltr'><strong>ἦ,</strong></span> <span class='ocrx_word' id='word_1_263' title='bbox 64 3537 85 3574; x_wconf 84' lang='lat' dir='ltr'><strong>e</strong></span> <span class='ocrx_word' id='word_1_264' title='bbox 113 3517 311 3571; x_wconf 82' lang='lat' dir='ltr'><strong>,Blemmaert</strong></span> <span class='ocrx_word' id='word_1_265' title='bbox 328 3516 347 3570; x_wconf 93' lang='lat' dir='ltr'><strong>l.</strong></span> <span class='ocrx_word' id='word_1_266' title='bbox 366 3515 385 3570; x_wconf 89' lang='lat' dir='ltr'><strong>l.</strong></span> <span class='ocrx_word' id='word_1_267' title='bbox 404 3516 425 3584; x_wconf 89' lang='lat' dir='ltr'><strong>l,</strong></span> <span class='ocrx_word' id='word_1_268' title='bbox 447 3521 469 3568; x_wconf 92' lang='lat'><strong>1.</strong></span> <span class='ocrx_word' id='word_1_269' title='bbox 544 3511 849 3582; x_wconf 76' lang='lat' dir='ltr'><strong>⁴)J01y1.l.p.504.</strong></span> 
     </span>
    </p>
   </div>
   <div class='ocr_carea' id='block_1_8' title="bbox 0 0 1216 3938">
    <p class='ocr_par' dir='ltr' id='par_1_10' title="bbox 0 0 1216 3938">
     <span class='ocr_line' id='line_1_38' title="bbox 0 0 1216 3938; baseline 0 4"><span class='ocrx_word' id='word_1_270' title='bbox 0 0 1216 3938; x_wconf 95' lang='lat' dir='ltr'><strong> </strong></span> 
     </span>
    </p>
   </div>
  </div>
 </body>
</html>
