2460 3940
358 220 489 267 1111111
511 221 643 268 111111
666 220 742 269 cnr.
757 222 789 270 1.
1037 206 1057 270 9

80 358 246 420 credulitas
272 359 394 437 recepit.
438 377 519 419 nunc
540 378 611 421 vero
638 379 673 421 eo
694 360 830 422 licentiae
851 361 965 438 poetica
987 379 1056 440 pro·
1076 370 1116 438 121

80 445 176 506 cessit
196 442 302 514 libido,
325 445 424 504 utrix
447 445 549 505 auditu
568 445 692 506 ferenda
715 446 897 524 confingant,
919 452 987 523 post
1004 446 1057 507 ho-

80 531 201 589 minum
222 529 397 588 memoriam
420 531 625 608 progeneratis
645 531 703 590 iam
725 529 862 607 gentihus
883 535 913 590 et
933 529 1057 592 urbibus

81 613 213 674 conditis
235 612 370 673 homines
386 621 499 674 eterra
521 614 644 676 diversis
660 613 755 674 modis
777 614 886 685 editos,
913 616 991 674 utin
1006 617 1056 676 At·

39 709 58 758 t
80 699 143 759 tica
160 697 255 758 lentur
269 698 393 776 regione
408 697 619 759 Erichthonius
642 717 678 760 ex
692 698 814 760 Vulcani
837 700 949 760 semine
965 699 1056 760 humo

82 789 224 852 exortuS,
248 789 277 842 et
292 781 322 841 in
338 781 478 843 Colchide
500 782 546 844 rel
561 784 682 844 Boeotia
699 785 820 845 consitis
842 785 945 862 anguis
961 782 1056 845 denti·

80 867 143 927 bus
166 867 271 926 armati
286 873 455 944 spatiosis,
479 884 494 927 e
511 867 618 946 quihus
633 874 734 930 mutua
751 869 841 930 caede
863 871 941 929 inter
957 886 989 928 se
1004 886 1056 930 ne·

82 952 162 1012 catis
177 952 264 1029 pauci
279 967 437 1029 superasse
452 952 619 1023 traduntur,
638 955 688 1032 qui
703 954 735 1013 in
751 953 871 1014 conditu
886 952 1057 1014 Thebarum

82 1035 199 1096 Cadmo
215 1035 326 1096 inerint
348 1035 533 1106 adiumento,
561 1054 692 1098 necnon
709 1039 738 1098 in
760 1054 831 1114 agro
848 1039 1056 1116 Tarquiniensi
1075 1045 1108 1094 13

22 1133 59 1181 ro
80 1137 164 1198 puer
186 1119 292 1179 dicitur
307 1119 424 1181 divinus
439 1129 577 1182 exaratus
593 1123 712 1183 nomine
727 1121 836 1200 Tages,
861 1124 912 1202 qui
928 1121 1055 1202 discipli·

80 1221 157 1264 narn
178 1205 319 1264 cecinerit
339 1205 498 1283 extispioii‚
530 1223 619 1287 11111
641 1205 816 1268 lucumones
836 1213 899 1268 tum
920 1207 1056 1268 Etruriae

79 1295 224 1369 potentes
239 1292 467 1367 exscripserunt.

150 1372 301 1434 Hactenus
321 1373 358 1435 de
378 1375 473 1451 prima
489 1373 645 1436 hominum
662 1376 789 1454 origine:
819 1382 951 1436 ceterum
974 1374 1091 1454 quodh

82 1457 123 1519 ad
151 1465 325 1535 praesentes
344 1465 463 1518 nostros
483 1460 614 1536 pertinet
638 1457 751 1520 natales
778 1476 942 1538 eorumque
963 1459 1054 1530 initia,

24 1553 59 1602 15
81 1559 177 1622 quam
192 1549 297 1620 potero
313 1543 478 1623 conpendio
495 1543 600 1604 dicam.

151 1625 244 1703 igitur
260 1643 362 1688 semen
384 1627 463 1688 unde
486 1634 571 1688 exeat
591 1629 668 1689 inter
689 1629 851 1706 sapientiae
871 1628 1056 1705 professores
1074 1633 1091 1682 2

80 1729 148 1771 non
169 1717 292 1774 constat.
324 1711 516 1773 Parmenides
538 1714 614 1772 enim
630 1720 692 1773 tum
709 1731 745 1772 ex
761 1712 871 1774 dextris
886 1718 948 1773 tum
965 1732 981 1774 e
997 1711 1056 1774 lae·

79 1797 130 1857 vis
146 1795 281 1873 partibus
297 1797 369 1856 oriri
384 1797 506 1876 putarit.
537 1796 669 1876 Hipponi
685 1813 755 1858 vero
767 1797 969 1875 Metapontino
986 1798 1054 1867 sive,

79 1888 119 1942 ut
138 1881 332 1942 Aristoxenus
352 1887 455 1942 auctor
476 1889 536 1950 est,
568 1881 666 1942 Samio
693 1899 728 1941 ex
750 1881 886 1942 medullis
907 1880 1056 1958 profluere

23 1975 61 2025 10
82 1981 191 2026 semen
207 1964 337 2035 videtur,
358 1964 446 2044 idque
463 1983 497 2027 eo
512 1965 649 2044 probari,
672 1965 750 2044 quod
766 1970 833 2043 post
847 1965 1056 2027 admissionem

80 2049 236 2129 pecudum
252 2050 276 2108 si
292 2050 357 2130 quis
371 2065 470 2112 maros
485 2051 649 2118 interimat,
671 2047 814 2110 medullas
829 2056 930 2128 utpote
946 2049 1056 2110 exhau-

80 2142 224 2195 stas-non
239 2135 377 2211 reperiat.
410 2134 461 2196 sed
477 2133 555 2194 hanc
570 2135 740 2212 opinionem
755 2132 890 2195 nonnulli
906 2131 1055 2202 refellunt,

80 2226 120 2280 ut
138 2219 330 2296 Anaxagoras
351 2217 537 2280 Democritus
558 2225 588 2280 et
608 2217 769 2280 Alcmaeon
793 2219 992 2280 Crotoniates:
1024 2219 1056 2278 hi
1074 2224 1091 2274 3

82 2304 167 2365 enim
190 2309 257 2380 post
276 2319 399 2382 gregum
421 2305 642 2366 contentionem
663 2321 724 2366 non
745 2301 882 2365 medullis
897 2302 985 2364 modo
1007 2321 1056 2364 ve·

157 2489 181 2538 1.
204 2487 316 2554 poetica
333 2487 481 2551 Manutius,
509 2503 642 2554 poenicae
659 2489 715 2538 DV
782 2491 806 2540 2.
831 2502 1015 2554 corruscans
1033 2489 1057 2538 D

81 2563 147 2608 ante
165 2571 230 2614 rae,
249 2571 316 2608 corr.
336 2559 355 2608 d
421 2559 447 2610 4.
467 2573 481 2606 e
501 2559 518 2607 ot
536 2555 573 2620 (in
590 2555 656 2618 ras.)
679 2557 716 2620 V,
737 2571 770 2607 ex
788 2559 854 2610 cont.
872 2557 989 2608 Halmius

81 2627 109 2676 5.
136 2624 334 2676 extoerhontus
357 2626 395 2688 D,
430 2623 600 2676 ericthonius
628 2624 653 2673 V
719 2624 800 2676 homo
827 2625 853 2674 V
920 2626 944 2674 6.
973 2624 1056 2674 choc-

81 2689 168 2742 chihe
181 2692 237 2741 DV
303 2694 328 2745 i.
347 2703 634 2757 armortspauroroe
647 2692 709 2754 DV,
723 2693 824 2742 armati
836 2695 947 2757 spartos
959 2691 1058 2742 Iolaus

82 2762 129 2810 10.
149 2758 262 2810 divinus
274 2760 459 2820 Lachmannur,
478 2758 613 2810 htututrus
631 2760 691 2809 DV
755 2763 886 2811 exaratus
906 2759 1057 2820 thlialmur,

82 2841 232 2879 exoneras
254 2828 279 2877 D
295 2828 323 2878 V
324 2825 347 2888 ¹,
378 2831 489 2878 exortus
516 2827 544 2877 V
547 2826 558 2860 ²
587 2829 613 2878 in
635 2841 715 2892 marg.
786 2829 826 2877 11.
858 2825 951 2877 lucum
972 2826 1057 2876 hone·

82 2899 159 2946 stum
187 2895 214 2943 V
285 2897 326 2945 12.
351 2909 574 2946 exsoutsseuunr
596 2896 621 2943 D
695 2896 914 2959 1111111111
937 2893 993 2943 DV

82 2965 128 3015 15.
147 2959 235 3012 hicum
254 2962 275 3024 (i
292 2964 353 3013 din
369 2961 437 3028 ras.)
455 2963 481 3012 D
551 2964 591 3013 17.
611 2961 713 3013 dextris
732 2959 795 3024 (tris
812 2965 831 3013 d
848 2963 874 3011 in
891 2958 958 3026 roe.)
976 2961 1001 3010 D

83 3046 98 3080 e
120 3031 216 3080 caenis
235 3027 288 3096 (uis
307 3032 325 3081 d
341 3031 368 3080 in
385 3031 452 3094 ras.)
467 3031 506 3090 D,
531 3030 602 3081 louis
625 3031 651 3080 V
718 3031 759 3081 18.
779 3029 844 3080 oriri
867 3030 908 3079 ed.
926 3029 1057 3091 Rortoelz„

83 3095 160 3148 ahhu
178 3098 203 3147 D
221 3095 242 3160 (ι
259 3113 333 3162 apr.
352 3114 391 3158 m.‚
410 3104 438 3148 ut
454 3097 580 3162 videtur),
605 3097 677 3148 adiri
705 3097 741 3162 V,
762 3097 876 3161 forsitan
899 3097 956 3148 olim
976 3097 1059 3159 fuerit

82 3173 145 3216 tum
165 3179 199 3216 ex
217 3165 332 3218 dexteru
350 3169 408 3216 tum
427 3182 441 3216 e
459 3165 544 3217 laeva
562 3169 642 3230 porte
661 3164 781 3216 suboriri
849 3165 970 3230 hrppont
987 3163 1041 3212 DV

81 3248 159 3284 uerso
178 3247 211 3284 er
230 3235 255 3284 D
322 3235 364 3284 20.
382 3234 500 3299 probare
523 3233 549 3282 V
553 3231 576 3292 ¹,
599 3248 669 3285 corr.
686 3235 753 3283 m.2
821 3234 862 3282 21.
884 3228 1015 3297 pecodum
1033 3231 1058 3280 D

84 3314 232 3353 munerum
247 3301 251 3365 Ι
266 3313 392 3366 perornan
403 3303 441 3360 D,
459 3303 495 3352 ad
506 3314 534 3352 tn
551 3303 713 3366 droperrcr.
728 3313 741 3350 s
759 3298 868 3365 (omnino
879 3299 957 3365 igitur
967 3311 1059 3348 mures

83 3370 144 3420 sint
162 3365 239 3434 ret),
257 3383 348 3419 mures
366 3369 486 3434 perimat
507 3369 538 3428 V,
557 3384 626 3422 corr.
644 3368 743 3420 Iolaus
810 3369 851 3419 22.
870 3367 1013 3433 repperiet
1034 3365 1063 3414 V

82 3439 126 3489 23.
146 3447 296 3504 ecgemeox
314 3437 351 3495 D,
372 3436 497 3488 alcmeon
518 3437 546 3488 V
610 3439 651 3487 24.
670 3449 786 3502 gregum
805 3437 955 3496 Grdlielmur,
973 3449 1058 3501 guae·

83 3517 146 3557 cem
166 3505 203 3569 D,
222 3518 333 3570 grecam
355 3504 384 3554 V
600 3511 608 3520 ·
