2416 3944
342 232 455 285 BELLI
473 233 625 285 TROIANI
641 233 713 285 LIB.
730 233 781 286 111.
1008 232 1050 297 69

79 403 187 466 neque
215 382 380 466 cuiquam,
409 403 482 446 cum
504 382 611 446 orbari
640 403 675 446 se
695 383 762 447 filio
790 383 894 447 aliove
917 404 1051 449 consan-

81 467 202 552 guineo
225 475 380 550 cerneret,
402 485 470 531 non
485 471 658 564 acceptam·
671 471 790 551 tamen,
813 467 881 532 solo
905 470 1050 567 omnium

80 551 1050 733 tlldtttttttlfa1ttljlttltttttttl

80 725 237 804 sequutus
260 722 342 799 erat,
372 720 585 798 abdicandum
612 721 822 804 apenatibus
850 722 916 786 suia
945 721 1075 786 decre-⁵

81 805 181 890 verit,
210 805 260 868 vir
287 803 375 868 domi
401 803 551 888 belloque
579 805 856 889 prudentissimus.
908 809 1050 870 ceterum

80 889 160 973 sibi,
183 889 336 972 quoniam
359 889 405 952 ita
431 910 483 953 res
504 891 650 971 ruerent,
678 891 915 973 optatissimum
936 891 1050 974 adpro·

78 974 398 1142 {uererer
417 973 1051 1124 detestatumque

77 1141 304 1207 recordatione
332 1142 481 1225 cruciari,
515 1164 595 1227 quas
628 1147 703 1227 post
734 1143 893 1209 excidium
925 1081 1049 1228 patriae
1062 1159 1088 1199 10

78 1227 518 1376 &Ptifflffimff‘fflius
540 1227 662 1325 domini
684 1227 791 1375 faatuql
807 1232 992 1376 manulffntd

76 1395 185 1461 filium
207 1332 442 1479 advectaveriald}
461 1333 770 1479 alrdlduddnddldddunl
787 1333 913 1460 iuidnis
929 1333 1048 1479 dipdil

76 1481 126 1544 im
150 1483 234 1544 erat:
257 1501 297 1544 ex
324 1479 395 1564 quis
428 1479 581 1564 quicquid
613 1481 684 1544 auri
712 1484 808 1564 atque
830 1480 957 1566 argenti
984 1481 1049 1546 fuit

75 1569 115 1628 to
145 1563 152 1578 '
176 1564 320 1629 Achilles
342 1564 442 1648 iubet,
464 1565 562 1628 vestis
584 1565 682 1629 etiam
697 1565 783 1648 quod
805 1565 835 1629 ei
857 1566 961 1630 visum
984 1569 1047 1630 est:
1062 1581 1087 1620 1⁵

75 1648 215 1732 reliquis
243 1649 279 1713 in
307 1671 409 1714 unum
438 1647 580 1713 collectis
603 1649 802 1733 Polyxenam
824 1649 924 1714 donat
945 1653 978 1714 et
1000 1671 1049 1714 oa·

77 1733 179 1798 daver
206 1733 347 1798 tradidit.
392 1755 456 1816 quo
484 1736 613 1816 recepto
642 1755 698 1798 rex
726 1734 761 1798 in
789 1734 969 1832 gratiamne
991 1734 1050 1798 im-

74 1817 200 1902 petrati
221 1817 346 1884 funeris
373 1837 415 1882 an
443 1817 470 1882 si
493 1818 570 1901 quid
592 1817 707 1882 Troiae
735 1818 893 1883 aecrderet
919 1840 1049 1884 securus

76 1905 147 1966 iam
167 1901 263 1985 filiae,
286 1903 451 1988 amplexus
465 1902 603 1968 Achillis
626 1923 732 1988 genua
747 1906 828 1986 orat,
851 1903 899 1968 uti
914 1903 1049 1987 Polyxe-

75 2008 157 2052 nam
180 1987 334 2070 suaoipiat
361 1986 486 2070 sibique
513 1987 645 2052 habeat:
678 2008 892 2071 superquam
920 1987 1046 2052 iuvenis
1060 2001 1086 2042 ²0

76 2069 170 2135 aliud
197 2073 324 2155 tempus
353 2077 449 2154 atque
471 2071 571 2136 alium
593 2072 701 2136 locum
720 2075 956 2154 tractatumque
977 2071 1048 2136 fora

75 2153 264 2240 respondit,
292 2156 423 2220 interim
450 2175 523 2220 cum
545 2177 583 2220 eo
611 2155 729 2220 reverti
750 2156 849 2221 iubet.
894 2155 940 2221 ita
961 2155 1049 2220 Pria-

75 2261 153 2304 mus
176 2244 305 2325 recepto
328 2239 478 2306 Hectoris
501 2240 654 2306 cadavere
681 2246 877 2324 ascensoque
900 2239 1048 2306 vehiculo

77 2345 155 2390 cum
178 2323 244 2409 hia,
268 2326 324 2409 qui
346 2347 379 2390 se
403 2325 548 2390 comitati
570 2327 676 2409 erant,
699 2325 739 2390 ad
761 2323 891 2390 Troiam
912 2323 1005 2390 redit.

464 2529 668 2541 namon-auu-

218 2751 223 2760 .
341 2679 499 2756 LIBER
525 2680 783 2773 QUARTUS.

164 2878 192 2943 I.
237 2877 300 2944 Sed
331 2884 504 2964 postquam
537 2880 686 2946 Troianis
719 2882 827 2966 palam
859 2883 907 2944 est
939 2894 1088 2964 regemrc

75 2963 225 3061 perfecto
247 2963 381 3049 negotio
406 2965 600 3030 inviolatum
625 2970 721 3050 atque
743 2963 871 3063 integro
894 2964 1049 3063 comitatu

76 3047 224 3134 regredi,
252 3048 412 3114 ammirati
447 3049 678 3138 laudantesque
707 3049 861 3116 Graeciae
895 3051 1049 3134 p1etatem

148 3219 265 3272 XXVII.
285 3217 382 3270 Malal.
402 3222 451 3272 159
470 3222 531 3275 init.
552 3219 667 3271 cedren.
686 3221 709 3272 P
727 3223 785 3278 128.

147 3285 362 3340 1-111.Ma1a1.
383 3290 514 3340 159-161
535 3287 652 3343 Cedren'.
669 3289 693 3339 P
711 3290 768 3343 128.

148 3439 181 3488 11
201 3439 246 3489 cui
266 3438 306 3502 G!
323 3425 499 3490 faatunerent
519 3439 540 3490 (ι’
565 3439 678 3491 'fastum
700 3440 870 3490 sustinerent
888 3439 914 3488 B
937 3444 1049 3494 nostrum

76 3507 153 3624 radgis.
164 3512 267 3639 ddth.
292 3507 325 3558 1³
338 3506 580 3584 adnectaueratld
615 3507 812 3557 aduectauerat
829 3505 855 3555 B
915 3508 950 3557 2⁰
967 3519 1049 3569 quam
