2414 3946
155 207 197 273 58
452 219 658 269 rnacnnnrr
681 219 756 270 car.
774 209 830 267 111.

158 361 271 422 caelum
288 367 317 422 et
337 361 365 420 in
382 366 466 421 ortus
481 359 554 421 caeli
569 368 654 431 eunt,
677 359 730 422 sed
746 358 849 421 mundi
864 357 1016 420 celeritate
1033 359 1128 420 victae

159 445 294 506 occidere
315 445 450 506 ridentur
471 463 537 505 cum
559 462 610 515 oo,
641 446 775 522 quamvis
796 461 919 504 cursum
945 460 1036 503 suum
1056 461 1129 522 per·

121 541 138 590 2
157 537 253 608 agant.
284 527 329 589 sol
343 531 504 590 maximnm
520 528 603 590 sidus
622 529 752 590 aetbcris
767 528 858 590 modii
874 526 965 590 limite
986 527 1127 606 ignescit,

154 613 279 694 singulis
294 613 399 675 diebus
420 621 450 675 et
462 612 601 674 noctibus
616 614 731 694 peragit
746 613 876 692 singulas
895 618 1011 692 partes,
1034 613 1127 691 signi·

156 699 252 760 lerum
278 699 412 778 pervadit
438 715 525 758 anno.
571 697 639 760 luna
666 697 702 758 dc
729 696 791 760 sole
817 696 1001 767 flammatur,
1033 696 1158 760 ambito

156 785 281 845 circuitu
308 783 480 845 brevissimo
505 789 616 843 terram
636 783 755 861 triginta
777 781 897 852 diebus,
928 781 1002 842 adeo
1031 783 1126 843 vicina

154 869 259 930 vertici
271 874 368 929 terrae
382 869 551 946 iunctaque,
567 872 600 927 ul
614 869 644 926 in
656 866 793 928 umbram
809 867 872 928 eius
886 867 1020 928 incidere
1032 866 1129 928 soleat

156 962 185 1014 et
205 953 297 1014 videri
318 952 454 1014 delicere.
500 951 603 1012 eadem
625 969 694 1013 curn
716 952 807 1014 subiit
828 949 921 1012 solem
947 959 976 1012 et
995 949 1129 1013 substitit

154 1037 259 1107 radiis,
288 1036 357 1097 iacit
378 1035 632 1106 obscurationem,
660 1054 736 1116 quae
755 1035 881 1097 deiectio
901 1034 972 1098 solis
993 1035 1126 1098 videtur.

155 1122 274 1182 interim
290 1129 388 1182 tamen
404 1139 473 1182 cava
493 1121 683 1199 paucioribus
698 1139 786 1200 quam
809 1122 927 1199 triginta
943 1118 1052 1180 diebus
1066 1122 1127 1182 cir·
1146 1132 1172 1181 to

121 1217 138 1264 3
156 1204 256 1267 culum
276 1223 362 1267 suum
384 1207 496 1266 transit.
535 1205 656 1266 Saturni
676 1204 759 1267 stella
776 1205 1005 1285 permaximum
1028 1203 1125 1267 ambi·

154 1298 218 1352 tum
234 1291 343 1359 iertur,
364 1290 490 1370 ideoque
511 1290 633 1352 tricenis
648 1289 800 1352 mensibus
815 1289 941 1368 singulis
961 1290 1056 1369 signis
1077 1307 1129 1351 re·

154 1377 244 1447 sistit,
267 1393 322 1456 per
336 1376 454 1454 triginta
474 1391 568 1436 annos
587 1374 759 1453 signiferum
775 1376 948 1453 pertransit,
970 1374 1081 1452 frigida
1099 1381 1130 1435 ct

154 1459 277 1530 sterilis,
299 1459 456 1521 infecunda
471 1460 574 1526 terris,
596 1459 784 1520 nascentibus
805 1477 864 1521 non
880 1457 1032 1530 salutaris,
1056 1459 1130 1520 lacit

154 1545 276 1606 adversa
291 1543 429 1606 diuturna
445 1561 500 1606 nec
515 1542 621 1604 subita.
657 1543 733 1606 lovis
747 1543 830 1607 stella
846 1545 875 1604 in
891 1543 1016 1622 singulis
1032 1545 1128 1622 signis
1146 1555 1173 1602 ts

154 1635 361 1698 annumeret,
382 1628 556 1706 signiferum
571 1628 726 1690 duodecim
748 1631 832 1689 annis
853 1627 962 1698 evadit,
986 1627 1128 1690 salutaris

120 1721 137 1771 4
157 1720 186 1775 et
201 1720 363 1792 temperata
379 1721 410 1773 et
423 1713 568 1774 universis
584 1712 722 1774 euntibus
737 1729 892 1793 prospera.
922 1712 1024 1774 llartis
1041 1712 1128 1774 stella
1203 1715 1204 1750 ³

156 1815 215 1858 non
237 1797 341 1859 eodem
363 1798 456 1877 spatio
478 1798 569 1874 signis
589 1795 711 1876 singulis
732 1797 849 1868 haeret,
873 1796 925 1859 sed
945 1796 1128 1874 signiferum

155 1902 261 1944 novem
277 1882 340 1944 iere
355 1883 440 1943 annis
455 1889 646 1960 pervagatur,
663 1883 749 1960 ignea
764 1885 965 1960 intemperans
980 1891 1010 1943 et
1026 1883 1059 1943 in
1075 1883 1127 1943 ad·

154 1970 248 2030 versis
270 1974 299 2028 et
314 1969 344 2028 in
360 1965 534 2029 mortalibus
548 1963 659 2035 subita,
683 1965 728 2027 vel
748 1967 816 2028 ierit
831 1967 994 2045 repentinis
1009 1965 1128 2028 morbis
1145 1977 1173 2024 20

154 2052 200 2114 vel
222 2052 302 2114 ierro
323 2052 449 2130 perimit.
495 2048 596 2114 stellae
617 2051 747 2112 Mercuri
767 2060 797 2113 et
816 2052 939 2114 Veneris
960 2049 1057 2112 solem
1079 2070 1128 2114 se·
1202 2055 1203 2090 r

122 2145 138 2194 n
156 2145 286 2218 quantur
308 2136 470 2216 eademque
496 2136 589 2214 spatia
609 2136 788 2198 custodiunt.
829 2136 958 2199 Mercuri
985 2135 1073 2199 stella
1095 2137 1130 2197 iit

155 2220 258 2284 similis
271 2220 313 2282 illi
330 2239 418 2301 quam
433 2220 526 2289 videt,
542 2217 664 2281 Veneris
679 2220 816 2300 genitalis
831 2232 861 2282 et
875 2220 993 2282 roscida
1009 2229 1041 2281 et
1056 2240 1129 2302 pro·

155 2324 242 2385 spera
270 2313 299 2367 et
318 2305 461 2366 salutaris.
505 2303 574 2365 luna
596 2303 716 2382 globum
736 2324 823 2368 sunm
848 2305 979 2368 creditur
1000 2305 1127 2376 babere,
1201 2347 1202 2378 1

155 2390 207 2452 sed
233 2391 333 2466 ignem
358 2388 457 2450 asole
478 2390 636 2467 concipere
662 2398 692 2450 et
717 2398 857 2469 quantum
883 2390 1051 2471 percutitur
1079 2408 1128 2452 ar·
1145 2401 1173 2449 25

154 2475 286 2536 descere.
327 2481 468 2554 quantum
489 2475 578 2553 igitur
599 2493 615 2534 a
637 2473 699 2536 sole
722 2475 858 2547 discedit,
885 2482 1024 2554 augetur:
1058 2493 1130 2537 cum

154 2577 224 2620 vero
247 2566 349 2620 contra
365 2561 457 2630 stetit,
481 2565 542 2621 toto
557 2559 662 2621 ieritur
678 2559 801 2622 adverso
823 2567 852 2622 et
866 2559 945 2622 velut
965 2559 1128 2638 speculum
1200 2623 1201 2634 ,

153 2661 214 2704 uon
234 2645 306 2714 vim,
333 2645 385 2706 sed
407 2645 567 2722 imaginem
587 2643 694 2706 reddit.
737 2644 795 2706 bac
815 2647 949 2708 universa
970 2645 1127 2723 gignentia

119 2735 135 2785 s
154 2735 307 2791 crescente
321 2728 501 2807 pubescunt,
522 2736 714 2792 tenucscente
728 2737 899 2793 tenuantur.
929 2746 1017 2790 umor
1033 2731 1126 2792 etiam

154 2823 183 2876 et
198 2815 320 2893 spiritus
335 2815 431 2874 omnis
446 2815 592 2893 augescit,
613 2815 750 2876 tumescit
764 2833 906 2885 oceanus
929 2813 1038 2876 deinde
1056 2835 1127 2877 cum
1145 2827 1173 2876 30

221 3035 247 3084 5.
266 3045 366 3082 annum
384 3034 450 3096 DV,
468 3049 537 3087 corr.
555 3033 678 3084 Cauchius
746 3037 771 3087 6.
790 3049 896 3086 ucenae
915 3031 941 3096 (e
959 3036 985 3083 in
1002 3034 1073 3098 ras.)
1092 3038 1128 3098 D,

152 3105 243 3151 terrae
266 3102 293 3150 V
359 3102 401 3152 13.
419 3115 487 3150 anos
505 3098 587 3164 (corr.
605 3117 636 3150 m.
654 3101 721 3165 reo.)
743 3101 771 3151 V
836 3105 877 3154 14.
896 3115 1026 3153 arescius
1047 3104 1075 3152 D

154 3170 194 3220 15.
214 3167 315 3218 brunna
332 3168 396 3230 DV,
414 3183 482 3219 corr.
501 3168 599 3218 labana
655 3181 726 3220 tonas
743 3170 783 3231 D,
801 3187 871 3222 corr.
890 3173 909 3221 d
976 3171 1018 3225 1⁷.
1038 3185 1128 3223 even-

152 3236 228 3286 tibus
246 3237 312 3287 com'.
332 3235 454 3286 Cauchius
481 3263 486 3270 =
523 3237 563 3286 19.
582 3236 655 3287 ierre
678 3238 704 3287 V
769 3239 811 3288 20.
830 3237 898 3289 ferit
915 3237 1018 3301 Gaaaa'o,
1038 3253 1127 3304 perun

152 3303 208 3351 DV
275 3305 317 3357 21.
336 3317 440 3354 saecun
457 3304 523 3367 DV,
549 3305 618 3370 quod
632 3304 745 3367 forsitan
766 3307 902 3370 scripsere
917 3307 973 3370 ipse
996 3310 1127 3370 epttoma·
1198 3305 1199 3320 ¹

152 3376 195 3416 tor
263 3382 382 3421 mercum
404 3373 442 3434 Ι),
466 3372 596 3423 mercurii
622 3373 650 3420 V
714 3387 858 3438 sequurua
880 3373 917 3437 D,
940 3377 1057 3425 cornel

153 3436 195 3483 22.
213 3437 341 3486 mercurii
362 3438 387 3485 V
454 3441 495 3489 24.
519 3439 583 3489 luna
599 3455 622 3488 m
651 3442 711 3490 2a’n
733 3441 757 3490 V
774 3457 810 3492 err
826 3441 894 3492 luna
963 3440 1077 3494 creditu
1096 3451 1127 3493 et

152 3516 169 3549 a
187 3503 203 3548 2
221 3516 251 3550 m.
270 3502 377 3553 creditu
398 3506 426 3553 V
488 3508 531 3557 29.
549 3521 709 3572 puneacen'r
727 3509 751 3560 D
