2424 3938
155 205 264 258 mm
525 149 776 246 insnrlrro.

158 337 298 419 primum
320 358 349 400 a.
374 335 460 400 1392
483 335 610 418 prodiit,
633 339 704 400 tum
728 335 855 418 saepius
877 357 978 400 manu
1001 339 1035 400 et
1061 338 1145 421 typis

158 425 337 508 exscriptus
365 429 426 488 est:
471 425 526 507 qui
553 445 627 488 cum
654 425 814 490 artissime
841 424 883 488 'ad
906 422 1092 490 Guidonem
1115 447 1146 488 se

159 513 355 598 adiungeret,
377 517 487 578 temen
509 512 605 576 modo
629 512 728 576 semel
750 513 809 576 sub
832 511 963 596 finem)
976 513 1065 577 hunc
1079 513 1148 578 fon-

158 605 233 684 tem,
257 603 383 684 saepius
405 601 476 684 „die
489 600 648 683 meyster“
669 601 830 666 interdum
843 599 997 664 Daretem
1012 624 1150 666 comme·

159 694 273 772 morat,
295 712 491 774 quamquam
513 689 598 752 unde
621 691 779 774 originem
805 689 955 754 habuerit
977 691 1150 773 compluri-

159 778 220 841 bus
254 779 333 843 locis
366 779 450 842 male
485 779 657 842 intellectis
668 776 694 862 2)
730 777 823 843 facile
859 777 995 842 iudicari
1031 781 1151 862 potest.

158 864 248 930 Libri
270 866 383 931 formis
406 867 513 930 excusi
535 867 646 949 paucis
668 867 748 930 locis
772 888 789 930 e
812 863 961 931 Conrado
985 866 1024 930 de
1039 866 1151 931 Vires·

158 952 294 1039 burgo³)
312 956 429 1038 expleti
452 959 484 1019 et
505 954 691 1038 locupletati
719 959 804 1020 sunt.
831 953 910 1019 Fere
934 954 1048 1018 eodem
1069 959 1153 1019 tem-

158 1043 439 1124 poreHenricus
462 1043 593 1127 quidam
606 1043 899 1126 Bruaspiceosis
921 1043 1064 1126 pedestri
1081 1067 1153 1108 ora·

158 1131 245 1194 tione
274 1132 394 1196 bellum
417 1130 592 1196 Troianum
622 1133 766 1196 narravit
795 1134 891 1216 atque
921 1133 968 1196 ita
998 1135 1036 1195 ut
1066 1131 1151 1198 Con-

158 1220 272 1283 radum
296 1217 329 1306 (i.
353 1242 378 1286 e.
401 1221 575 1304 genuinam
597 1224 721 1304 partem
743 1220 819 1284 libri
832 1219 924 1302 eius),
945 1224 1018 1284 tum
1043 1224 1152 1284 autem

158 1309 214 1372 ubi
245 1309 297 1374 hic
332 1309 427 1374 desiit
462 1306 643 1374 Gnidonem
673 1311 866 1393 sequeretur.
919 1307 1029 1374 Codex
1061 1312 1150 1373 extat

160 1418 240 1461 saec.
253 1395 316 1462 XV
329 1399 364 1460 in
386 1397 461 1462 bibl.
476 1397 668 1461 Academiae
676 1398 822 1480 publicae
837 1395 1151 1482 Senkenbcrgianae.

158 1483 271 1569 Neque
280 1486 433 1570 indignus
445 1489 494 1550 est
504 1486 559 1569 qui
568 1489 838 1550 commemoretur
847 1485 930 1550 liber
939 1509 1017 1550 msc.
1030 1485 1063 1552 S.
1073 1486 1150 1550 Ivi

158 1594 188 1654 p.
216 1575 258 1636 27
295 1595 374 1638 saec.
398 1572 460 1638 XV
487 1573 634 1638 biblioth.
665 1573 929 1638 Vratislaviensis
958 1575 1152 1658 oppidanae.

158 1658 198 1722 In
219 1661 361 1743 Acylla
383 1662 467 1727 hauc
489 1663 657 1727 materiam
679 1663 824 1728 versibus
838 1664 992 1728 tractavit
1014 1685 1150 1744 anony-

158 1769 236 1814 mos
258 1748 429 1836 quidam4)‚
452 1751 542 1816 ouius
556 1773 672 1833 poema
686 1750 818 1815 Oxfordi
832 1749 939 1836 (mser.
957 1750 1062 1816 Laud.
1077 1753 1151 1833 395,

158 1837 224 1902 275
252 1837 352 1923 seqq.)
383 1843 580 1904 reservatum
615 1839 872 1922 splendidissime
905 1839 1067 1923 scriptum
1095 1843 1151 1922 est,

158 1932 195 1990 ut
216 1927 291 1990 inde
314 1927 463 2012 colligere
486 1929 648 2010 possimus
672 1950 797 1992 summo
824 1926 934 1992 favore
962 1927 1025 1992 hoc
1050 1928 1151 1993 fuisse

159 2020 337 2099 exceptum,
387 2019 501 2099 postea
542 2017 672 2080 ineunte
705 2037 786 2080 saec.
826 2014 904 2080 XIV
940 2015 966 2079 Ι
967 2037 1019 2080 oc.
1058 2017 1152 2098 Lyd-

156 2101 271 2188 pale⁵)
284 2105 581 2187 praestantissimus
596 2103 762 2170 Chaucerii
780 2103 955 2186 discipulus
969 2105 1152 2169 monachus

159 2212 197 2254 er
220 2193 331 2256 ordine
359 2193 463 2257 sancti
485 2192 650 2257 Benedicti
673 2192 755 2275 (The
778 2191 945 2274 Hystoire,
978 2190 1064 2278 Sege
1088 2192 1151 2256 and

157 2277 368 2362 Dystructiou
399 2280 436 2344 of
467 2281 570 2363 Troye
601 2281 779 2344 translated
805 2280 849 2362 by
875 2279 965 2344 John
993 2280 1152 2366 Lydgatc.

156 2365 288 2450 Pynson
317 2370 411 2434 1513.
439 2369 654 2453 pulcherrima
681 2374 713 2433 et
740 2369 906 2432 rarissima
933 2368 1049 2453 editio)
1075 2368 1151 2432 Gui-

33 2519 36 2526 ,
157 2455 274 2520 donem
297 2458 449 2542 sequitur,
471 2459 518 2522 ita
540 2462 650 2522 tamen
673 2461 709 2522 ut
731 2456 961 2541 francogallica
984 2457 1055 2521 eius
1079 2479 1150 2520 ver-

159 2545 249 2608 sione
264 2549 296 2608 et
309 2545 483 2610 Benedicto
506 2548 578 2629 ipso
602 2569 679 2610 usus
703 2567 773 2610 esse
787 2539 974 2627 videaturl).
999 2543 1152 2610 Ceterum

158 2633 243 2717 quod
274 2657 348 2699 raro
379 2634 503 2699 factum
535 2656 604 2698 esse
636 2634 780 2698 ridemus
812 2633 865 2697 hic
897 2633 994 2698 modo
1028 2634 1152 2698 bellum

157 2721 333 2787 Troianum
356 2724 532 2807 descripsit,
554 2722 693 2787 reditum
721 2721 917 2786 Graecorum
946 2723 981 2784 in
1008 2723 1152 2805 patriam

50 2859 51 2862 η
159 2833 249 2875 suam
280 2833 413 2895 prorsus
446 2813 562 2876 omisit.
607 2810 717 2875 Etiam
746 2809 787 2874 in'
814 2809 937 2874 Scotto
966 2811 1153 2875 versionem

157 2900 316 2983 poeticam
326 2900 392 2964 fere
402 2901 511 2964 20000
521 2922 670 2964 versuum
680 2900 898 2964 continentem
909 2898 1154 2962 accuratissime

157 2987 277 3052 factam
299 2989 488 3054 'invenimus
521 2987 603 3074 (The
636 2987 716 3053 Gest
746 2987 913 3052 historiale
946 2986 982 3050 of
1011 2987 1068 3050 the
1099 2987 1152 3049 de·

158 3079 316 3142 struction
348 3077 384 3142 of
412 3077 511 3160 Troy)
544 3080 703 3141 servatam
735 3076 770 3139 in
802 3075 896 3139 unico
929 3075 1013 3140 libro
1046 3075 1153 3138 musei

157 3164 292 3230 Hunter.
315 3166 350 3229 in
373 3165 509 3230 univers.
533 3166 594 3230 litt.
617 3163 767 3250 Glasgov.
797 3164 887 3228 cuius
916 3166 1028 3228 auctor
1052 3162 1154 3228 credi-

231 3391 250 3454 l)
276 3391 399 3444 Herbort
416 3408 472 3446 von
490 3392 608 3445 Fritzlar
629 3392 758 3461 hercusg.
777 3407 832 3445 von
850 3391 1022 3444 Frommann
1039 3409 1068 3460 p.
1088 3396 1150 3443 351.

161 3456 181 3520 ²)
199 3455 314 3526 Dunger
330 3459 348 3512 l.
368 3463 387 3514 1.
405 3479 433 3528 p.
453 3469 494 3516 66.
551 3493 555 3500 -
587 3462 607 3530 ³)
627 3461 742 3530 Dunger
759 3461 872 3515 ibidem.
966 3461 987 3530 4)
1007 3461 1073 3530 Joly
1090 3461 1108 3512 l.
1129 3462 1149 3513 1.

158 3542 187 3590 P»
215 3531 276 3577 496-
375 3530 396 3596 ⁵)
423 3529 488 3598 Joly
516 3533 534 3584 l.
563 3531 581 3585 l.
609 3550 636 3599 p.
665 3538 725 3586 493.
812 3531 833 3600 ⁶)
861 3531 927 3600 Joly
954 3533 974 3586 1.
993 3532 1012 3586 l.
1031 3551 1058 3600 p.
1087 3537 1151 3584 497.
