2416 3944
184 918 282 988 Liber
303 919 360 1002 qui
382 919 440 982 sub
455 917 579 1002 Dictyis
595 917 757 984 Cretensis
777 919 910 984 nomine
932 919 1065 984 circum-

93 1004 213 1086 fertur,
229 1024 246 1066 e
261 1003 384 1066 duabus
398 1002 543 1086 partibus
558 1003 643 1066 inter
658 1025 691 1067 se
706 1001 878 1067 admodum
894 1002 1065 1069 differenti·

93 1089 302 1170 busconstat‚
313 1107 449 1170 quarum
458 1087 548 1170 prior
557 1087 679 1170 primos
691 1087 834 1170 quinque
844 1087 953 1171 librae,
966 1089 1067 1152 altera

95 1171 225 1236 sextum
252 1171 488 1253 complectitur:
521 1171 557 1234 in
589 1171 646 1234 illa
672 1170 793 1235 bellum
821 1169 998 1236 Troianum
1025 1173 1066 1236 ab

95 1255 195 1319 initio
215 1275 316 1338 usque
339 1254 380 1318 ad
393 1255 491 1318 finem
505 1259 671 1320 narratum
693 1258 750 1337 est,
773 1255 808 1318 in
822 1253 885 1318 hac
901 1257 939 1318 de
961 1255 1067 1318 reditu

97 1339 297 1404 Graecorum
318 1339 354 1402 in
375 1339 514 1422 patriam
536 1339 652 1422 agdtur,
675 1337 771 1422 quod,
795 1359 867 1400 cum
889 1359 909 1402 a
931 1338 1066 1404 consilio

94 1423 201 1488 totius
227 1422 302 1486 libri
329 1423 438 1506 paullo
461 1423 592 1506 longius
613 1421 755 1506 recedat,
807 1421 876 1486 uasi
906 1421 1067 1506 quoddam

96 1506 353 1580 additamentum
386 1506 633 1571 existimandum
666 1510 723 1571 est.
779 1443 861 1570 dum
892 1507 928 1570 in
959 1507 1067 1591 priore

23 1639 25 1668 s
95 1595 191 1676 parte
214 1591 311 1654 semel
332 1594 460 1654 tantum
484 1590 528 1675 (p.
554 1591 603 1674 10,
627 1591 681 1676 13)
704 1590 742 1654 de
766 1611 799 1654 se
821 1591 891 1673 ipso
914 1591 1066 1675 loquatur

23 1675 25 1678 ’
96 1679 227 1758 auctor,
255 1675 290 1738 in
312 1675 453 1739 secunda
474 1675 601 1758 saepius
622 1673 656 1738 id
676 1674 798 1738 factum
821 1695 889 1738 esse
911 1675 1066 1759 videmus,
1173 1739 1176 1744 .

96 1758 227 1842 saepius
248 1757 385 1840 Cretam,
407 1757 492 1823 unde
514 1758 669 1823 oriundus
691 1761 749 1841 est,
772 1761 1001 1823 commemorat
1022 1762 1068 1822 at·

97 1863 163 1926 que
184 1843 403 1907 narrationem
424 1843 471 1906 ita
490 1842 640 1925 instituit,
663 1846 700 1906 ut
721 1840 796 1905 inde
818 1842 980 1906 exoriatur
1001 1857 1068 1906 sae-

95 1927 174 2009 pius
196 1929 229 1989 et
250 1948 288 1990 eo
315 1930 467 1990 recurrat.
500 1930 666 2008 praeterea
694 1929 801 1989 autem
830 1925 956 1990 dicendi
983 1927 1067 1990 ratio

95 2012 134 2074 in
162 2009 223 2072 hac
249 2014 286 2072 ut
313 2011 349 2071 in
377 2009 515 2090 epitome
536 2029 605 2072 non
632 2006 729 2071 modo
751 2008 988 2090 simplicissima
1010 2015 1067 2093 est,

95 2091 155 2156 sed
178 2092 274 2156 etiam
296 2091 386 2155 omni
409 2094 524 2156 ornatu
547 2095 643 2174 caret,
666 2094 703 2154 ut
724 2089 819 2154 facile
841 2091 1068 2177 intellegamus

96 2175 164 2240 scri
187 2179 291 2238 torem
322 2175 457 2238 materia
491 2175 587 2259 plane
621 2178 812 2258 occupatum
844 2174 967 2242 formae
999 2177 1083 2260 fere'

95 2282 122 2324 n
247 2258 397 2323 habuisse
419 2280 538 2324 curam.

185 2341 319 2408 Accedit
346 2343 443 2407 tertia
472 2342 628 2430 quaedam
655 2365 746 2427 pars,
776 2343 898 2408 scilicet
919 2343 1068 2427 Epistola

93 2427 135 2493 L.
161 2424 308 2511 Septimii
330 2425 371 2491 ad
386 2425 423 2501 Q.
439 2426 595 2491 Aradium
609 2426 763 2492 Rufinum
785 2432 881 2511 atque
896 2427 1066 2514 Prologus.

91 2511 247 2596 Epistola
268 2512 358 2575 abest
380 2511 420 2574 ab
443 2512 565 2594 optimo
589 2511 696 2576 codice
712 2509 778 2576 San
802 2511 925 2594 allensi,
948 2512 1068 2577 iterna

92 2595 281 2660 Bemenriz·
295 2595 350 2659 ille
364 2594 429 2660 inci
452 2595 480 2660 it
501 2596 641 2660 acerbis
656 2594 757 2660 DIOT
791 2594 812 2660 S
829 2595 1067 2664 ORETENSIS

94 2677 280 2744 GENERE
302 2677 416 2744 GNOS
443 2677 470 2744 Ο
494 2679 698 2745 CIVITATE
713 2677 883 2744 HISDEM
905 2679 1067 2745 TEMPO-

90 2761 231 2829 RIBUS
254 2767 286 2828 et
300 2763 415 2828 deinde
453 2767 504 2828 ost
547 2764 617 2829 rolo
664 2785 697 2827 m
710 2764 795 2828 hanc
815 2764 914 2829 habet
933 2765 1067 2848 inscrip-

91 2847 222 2915 tionem
243 2847 363 2914 HAEC
457 2787 547 2912 [Iul
569 2847 616 2912 DI
644 2846 726 2912 rYs
749 2846 1065 2914 EPHEMERIDOS

90 2930 229 2999 BELLI
244 2930 427 2997 TROIANI
442 2931 568 2996 LIBRI
591 2930 689 2997 SEX:
711 2931 831 2995 inhoc
852 2931 997 3014 primurn
1018 2933 1067 2997 in·

90 3017 338 3099 scriptumest:
360 3015 503 3082 Prefatio
525 3016 560 3080 in
581 3017 639 3080 lib'
663 3015 738 3080 ditis
760 3017 914 3081 cretensis
938 3016 979 3080 de
1000 3019 1066 3082 tro-

89 3105 175 3168 iano
201 3100 284 3166 libro
318 3099 482 3184 (bellota
513 3101 688 3186 11019110),
721 3100 822 3165 altero
855 3100 946 3164 loco:
979 3098 1065 3164 Ditis

89 3185 251 3252 cretensis
272 3184 340 3248 lib'.
363 3183 398 3248 I’r
421 3184 544 3267 incipit.

182 3267 223 3332 In
237 3269 375 3352 epistola
389 3267 518 3352 quidem
531 3290 599 3333 non
621 3289 723 3352 pauca
738 3268 831 3332 aliter
845 3271 976 3332 narrata
991 3272 1068 3333 sunt

87 3357 194 3438 atque
223 3353 259 3416 in
285 3352 438 3437 prologo,
467 3353 586 3417 etenim
613 3353 750 3436 legimus
776 3374 808 3435 p.
839 3355 872 3435 1,
901 3354 922 3416 2
950 3351 1066 3416 litteris

88 3436 244 3520 Punicis,
272 3458 354 3520 quae
382 3440 452 3500 tum
481 3435 601 3502 Cadmo
635 3439 669 3500 et
694 3437 845 3519 Agenore
880 3433 1064 3498 auctoribus
