2424 3938
448 221 701 290 1111111110.

78 373 110 434 et
134 371 248 436 deinde
272 369 314 453 (v.
340 369 419 453 646)
641 420 643 427 ,

245 481 332 523 swaz
356 459 397 522 da
420 457 543 542 gesigte
566 457 601 520 bi
623 457 679 521 der
702 462 804 523 stunt:

244 570 278 612 ez
301 568 395 612 waere
419 546 471 610 ein
495 545 582 628 obse,
605 566 640 608 ez
662 569 755 612 waere
779 549 830 612 ein
854 548 960 632 wider,

244 637 301 700 daz
326 635 399 700 reht
421 633 520 698 enleit
542 655 576 697 er
599 634 640 697 da
663 636 736 700 niht
757 637 858 719 nider,

242 747 317 788 wan
341 746 374 788 er
396 746 442 787 1m
465 744 536 786 eme
560 726 655 786 ardna

243 816 312 877 sazt
334 811 373 876 uf
394 811 445 876 sin
467 811 590 874 houbet
612 811 740 877 achone.

78 921 115 984 in
139 919 201 983 hoo
224 919 332 982 libello
356 917 402 1002 (H
420 914 490 1002 24):
513 916 606 981 Paria
629 919 851 984 committebat
869 921 949 986 duos
963 923 1071 1008 boves,

78 1011 113 1072 et
139 1008 331 1092 pungebant
356 1007 442 1070 inter
469 1027 502 1070 se
530 1009 562 1070 et
584 1009 656 1070 uter
678 1007 839 1091 vincebat,
871 1010 901 1074 ei
923 1013 1073 1076 nectebat

78 1117 236 1161 eoronam
259 1117 275 1160 e
298 1093 441 1160 floribus,
686 1147 689 1153 .

169 1183 281 1248 Etiam
309 1205 390 1268 quae
417 1181 450 1246 Π
475 1184 520 1247 79.
540 1205 627 1269 seqq.
654 1189 858 1269 exponuntur
881 1207 900 1249 a
923 1185 1071 1255 Conrado

79 1272 178 1356 plane
208 1273 305 1337 simili
331 1272 427 1336 modo
454 1272 563 1357 paullo
592 1295 688 1355 supra
714 1278 846 1339 narrata
870 1279 958 1340 sunt:
986 1279 1072 1360 apud

79 1361 174 1426 illum
198 1361 284 1426 enim
306 1361 442 1446 legimus
465 1382 495 1425 1.
520 1361 584 1425 702

242 1470 282 1533 do
305 1468 388 1551 treip
412 1489 446 1531 er
468 1467 559 1530 dicke
581 1468 617 1531 in
639 1467 733 1550 einen
755 1468 839 1532 baah

243 1557 306 1621 daz'
324 1556 397 1620 vihe
420 1555 557 1619 trenken
579 1557 614 1619 in
637 1556 706 1624 dem
719 1558 832 1640 ‘wago

242 1645 298 1709 der
320 1645 380 1709 fldz
403 1645 439 1707 in
461 1644 566 1708 einem
590 1641 751 1709 sohoenen
764 1644 848 1730 hage

224 1741 301 1798 'viir
324 1734 394 1797 eine
416 1731 511 1796 wilde
535 1733 630 1798 oldae.

242 1823 300 1886 dar
322 1822 398 1886 inne
421 1842 488 1885 was
511 1821 571 1884 mit
592 1821 673 1884 hdse

242 1931 394 1996 gesezzen
418 1909 470 1973 ein
493 1910 635 1994 gotinne.

79 2019 167 2102 apud
179 2018 266 2082 huno
279 2015 312 2080 Π
337 2017 377 2081 79
401 2019 451 2100 „et
474 2015 744 2098 appropinquavit
756 2014 871 2079 Troiae
886 2014 926 2078 ad
939 2015 1072 2079 fiuvium

80 2109 203 2172 dietum
226 2105 423 2187 Kaiantuia,
451 2108 483 2168 et
506 2103 590 2187 apud
613 2103 746 2167 fluvium
769 2124 842 2166 eum
864 2103 988 2166 invenit
1009 2102 1072 2166 Ve-

83 2199 165 2259 neui
189 2193 375 2258 dominam“·

171 2302 256 2384 apud
279 2301 371 2364 illum
394 2321 423 2363 1.
448 2298 512 2362 790

243 2394 278 2454 st
301 2387 394 2452 Paria
417 2385 484 2450 und
506 2384 639 2469 Egenoe

240 2499 306 2542 von
328 2477 358 2540 ir
380 2475 490 2538 minna
513 2473 678 2537 soheident

156 2615 160 2624 .
242 2566 308 2630 und
330 2563 422 2628 boida
446 2561 599 2626 einander
621 2562 749 2644 leident

243 2659 278 2718 so
301 2674 394 2718 muoz
418 2651 468 2714 dia
490 2669 612 2713 wazaer
634 2650 833 2714 wunneolioh

243 2763 277 2807 ze
301 2743 398 2825 berge
420 2739 533 2802 fiiezen
555 2737 671 2801 hindar
694 2737 762 2801 sich

82 2833 169 2918 apud
191 2832 278 2896 huno
304 2829 337 2893 Π
360 2831 402 2894 83
431 2826 516 2912 quod
543 2827 609 2889 iam
637 2846 735 2907 supra
756 2825 943 2888 memoravi:
988 2845 1073 2908 „non

83 2923 229 2986 deseram
251 2923 297 3004 te3
331 2919 358 2982 ai
381 2939 456 2982 vero
479 2918 511 2978 te
535 2914 711 2996 deseruero,
733 2912 849 2977 fluvius
872 2913 924 2977 hio
947 2911 1073 2976 Katan-

79 3014 157 3075 11111
179 3013 357 3073 retrorsum
380 3003 475 3070 fluet“

173 3115 259 3198 apud
281 3114 373 3178 illum
396 3134 424 3175 v.
450 3110 513 3174 726

243 3225 318 3266 wan
341 3201 369 3264 si
391 3197 564 3284 begrmden
586 3197 688 3260 under
711 3197 764 3260 ein

243 3292 272 3355 ir
294 3293 385 3357 muot
408 3286 604 3352 verstrioken
627 3285 693 3348 und
715 3285 744 3348 ir
765 3284 820 3367 lip.

246 3401 280 3443 er
302 3381 385 3442 wart
407 3377 435 3440 ir
457 3397 544 3458 man,
568 3373 595 3438 si
618 3376 700 3437 wart
723 3372 774 3435 sin
796 3371 869 3454 wip.

90 3469 179 3554 apud
201 3469 289 3533 hune
310 3465 344 3531 II
368 3465 410 3530 85
435 3467 487 3548 „et
510 3485 583 3528 oum
606 3483 644 3526 ea
665 3460 805 3544 primum
832 3480 974 3524 amorem
997 3459 1070 3522 iniit

81 3563 115 3623 et
137 3557 279 3643 sumpsit
302 3555 331 3620 ei
354 3550 534 3620 eoronam.“
