2416 3944
164 143 207 206 20
471 140 604 193 meurs
623 140 828 194 CRETBNSIS

250 291 307 354 lv.
351 289 483 373 lamque
511 290 574 354 diei
602 290 793 374 plerumque
820 299 1046 377 processerat,
1073 317 1139 360 cum

167 381 301 460 utraque
323 375 391 438 acie
419 375 543 438 intenta
570 375 730 457 proelium
752 376 823 440 siue
845 377 913 440 ulla
934 379 1055 461 requie
1078 381 1139 465 iugi

166 460 340 526 certamine
361 480 399 523 ac
427 463 556 522 strenue
578 459 747 523 adversum
769 481 804 523 se
826 459 962 525 ducibus
988 463 1139 550 fatigare-

166 551 230 609 tur.
273 565 412 628 namque
439 547 567 607 nostros
593 543 769 608 multorum
799 544 924 609 dierum
946 569 992 610 na
1018 548 1024 562 '
1058 549 1137 614 ‘oiu

129 649 143 689 a
168 632 368 714 aliquantum
382 629 555 692 exhaustos
576 627 714 692 maxime
727 631 911 711 praesentia
927 630 1030 715 Telep
1062 635 1070 646 '
1093 633 1137 696 de

167 715 360 780 bilitaverat.
416 712 444 775 is
476 733 615 794 namque
646 711 786 776 Hercule
817 715 950 798 genitus
986 739 1138 799 procerus

167 819 302 883 corpore
324 818 360 860 ac
382 796 507 894 pollens
529 797 665 894 virilius,
688 795 804 860 divinis
823 799 941 894 patu-iis
964 801 1138 866 virtutibus

166 881 814 1048 transiturarum,
867 883 1138 1034 {delictit

130 1069 155 1108 ro
168 1051 271 1115 Moesi
293 1049 333 1113 ad
355 1071 389 1112 se
411 1047 557 1132 domum,
584 1049 687 1113 nostri
715 1049 756 1112 ad
781 1071 881 1114 naves
904 1051 1137 1136 digrediuntur.

168 1137 309 1201 ceterum
336 1133 371 1197 in
399 1155 438 1197 ea
463 1156 509 1216 pu
605 1134 773 1216 utriusque
795 1135 955 1200 exercitus
978 1138 1137 1203 interfecti

168 1220 264 1286 multi
285 1217 446 1302 mortales,
546 1221 578 1282 et
599 1218 759 1281 vulnerati
780 1241 856 1302 pars
870 1221 1030 1286 maxima:
1052 1246 1138 1322 pror-

168 1329 222 1370 sus
243 1304 334 1369 nullo
356 1307 413 1368 aut
433 1303 601 1386 perpaucis
629 1302 718 1366 clade
745 1302 823 1366 belli
851 1304 920 1368 eius
943 1309 1137 1389 expertibus.

169 1391 244 1453 dein
266 1391 375 1452 secuta
393 1388 443 1451 die
465 1387 563 1471 legati
585 1387 723 1450 invicem
738 1385 777 1450 de
800 1388 1005 1470 sepeliendis,
1028 1394 1087 1474 qui
1108 1394 1138 1456 in

132 1473 256 1538 rabello
279 1472 468 1553 ceciderant,
485 1473 673 1540 mittuntur:
696 1475 792 1554 atque
814 1471 861 1536 ita
882 1473 1023 1539 induciis
1044 1476 1139 1541 inter-

169 1557 284 1642 positis
294 1555 430 1619 collecta
441 1576 576 1701 corpora
587 1560 684 1638 atque
697 1556 767 1641 igni
778 1561 920 1621 cremata
930 1560 1137 1642 sepeliuntur.

254 1640 294 1704 V.
338 1639 473 1703 Interim
523 1637 700 1721 lepolemus
721 1645 849 1704 etcum
870 1641 973 1707 fratre
993 1645 1137 1728 Antipho

168 1725 364 1809 Phidippus,
387 1745 468 1807 quos
495 1722 651 1788 Thessalo
679 1725 807 1808 genitos
833 1731 972 1809 nepotes
992 1727 1138 1794 Herculis

169 1831 266 1893 supra
288 1809 550 1890 memoravimus,
574 1809 705 1892 cognito
727 1809 907 1892 Telephum
928 1812 965 1874 in
987 1812 1041 1876 his
1061 1813 1138 1878 locis

131 1911 159 1951 so
170 1893 354 1978 imperitare
376 1891 492 1956 fiducia
507 1893 710 1989 cognationis
724 1893 764 1956 ad
787 1914 860 1957 eum
876 1894 1016 1961 veniunt
1038 1898 1136 1981 eique,

192 1979 302 2043 uinum
325 1984 432 2043 essent
453 1981 486 2042 et
508 1978 697 2060 qurbuscum
722 1977 947 2062 navigassent,
977 2003 1137 2064 aperuere.

169 2001 244 2128 isin
265 2065 367 2128 multa
389 2063 527 2126 invicem
555 2065 747 2144 consumpta
774 2063 922 2126 oratione
951 2064 993 2128 ad
1020 2071 1138 2149 postre-

169 2171 258 2212 mum
280 2148 384 2212 nostri
405 2147 510 2210 aerius
531 2146 687 2227 incusare,
710 2145 796 2227 quod
817 2150 885 2209 tam
901 2147 1068 2214 hostiliter
1089 2151 1136 2214 ad-

170 2253 298 2294 versum
320 2251 394 2294 suos
416 2233 605 2294 versaretur.
643 2231 921 2313 Agamemnonem
947 2255 1091 2319 namque
1111 2239 1138 2298 et

132 2333 158 2372 25
170 2315 354 2381 Menelaum
360 2313 541 2396 Pelopidae,
552 2334 621 2378 non
631 2313 753 2377 alienos
764 2315 891 2397 generis
903 2317 954 2380 sui
966 2339 1043 2382 eum
1056 2341 1138 2383 exer-

170 2401 270 2465 citum
293 2398 497 2464 contraxisse.
541 2398 615 2462 dein
638 2419 719 2481 quae
740 2398 824 2462 cirea
846 2399 979 2465 domum
1002 2401 1138 2468 Menelai

170 2486 211 2549 ab
233 2483 418 2548 Alexandro
447 2483 616 2548 commissa
638 2485 752 2546 essent
778 2487 971 2567 raptumque
994 2485 1134 2552 Helenae

171 2569 302 2634 docent:
318 2573 414 2652 atque
429 2567 539 2632 decere
555 2589 627 2630 eum
642 2588 715 2631 cum
729 2573 862 2650 propter
876 2573 1135 2656 consanguinita-

170 2659 236 2719 tem
251 2657 320 2718 tum
331 2653 439 2737 praeci
462 2675 502 2716 ue
515 2653 556 2716 ob
571 2652 673 2714 scelus
685 2651 796 2716 violati
807 2655 991 2719 communis
1006 2655 1133 2740 hospitii

131 2759 157 2799 ao
171 2738 302 2805 Graecis
323 2737 409 2802 ultro
445 2759 514 2801 erre
529 2736 692 2817 auxilium,
714 2736 750 2798 in
772 2757 909 2818 quorum
932 2740 1075 2823 gratiam
1095 2741 1134 2822 ip·

170 2825 236 2891 sius
259 2825 356 2890 etiam
371 2822 520 2888 Herculis
534 2821 674 2904 plurima
695 2819 841 2884 laborum
856 2831 1073 2890 monumenta
1086 2844 1136 2908 per

170 2915 273 2974 totam
288 2910 456 2973 Graeciam
471 2907 615 2972 existere.
652 2903 692 2968 ad
707 2925 745 2967 ea
758 2903 930 2988 Telephus,
954 2911 1018 2972 etsi
1033 2909 1135 2974 dolore

170 2993 313 3059 vulneris
340 2993 499 3057 inmodice
527 2990 756 3067 afflictabatur,
785 2990 926 3075 benigne
955 2996 1069 3058 tamen
1094 3013 1135 3056 re·

238 3149 394 3230 3strenuis
416 3147 443 3196 V
480 3149 513 3226 131
536 3146 577 3195 ed.
600 3142 788 3222 Oba-tepuere
811 3144 917 3226 proelio
936 3147 999 3198 sine
1024 3148 1084 3199 ulla
1101 3163 1136 3197 re·

171 3217 544 3337 ttttnztttttttt
567 3213 1140 3351 ⁸‘aaaacircuisset

173 3357 205 3404 15
224 3349 444 3402 caeciderunt&
513 3347 545 3396 18
562 3344 682 3408 fidippus
701 3343 749 3393 ΕΒ
816 3348 850 3396 25
868 3351 967 3410 generi
986 3349 1021 3400 Gl
1063 3367 1142 3418 gene.

172 3422 211 3471 ris
230 3417 263 3468 6²
314 3419 347 3466 28
366 3411 625 3478 sanguinitatemG
681 3413 712 3462 32
731 3408 897 3464 Gratiano
931 3416 1085 3483 thelephus
1098 3417 1140 3470 GB

172 3487 213 3538 hle
232 3492 258 3535 et
274 3484 421 3547 saepissime
457 3481 511 3530 etsi
528 3479 604 3529 codd.
623 3479 775 3540 deteriores,
795 3484 824 3527 et
843 3479 872 3530 G.
