2414 3946
343 207 389 254 nn
412 207 474 254 nm
496 206 627 254 uanam
651 207 725 256 cue.
742 208 812 254 xvr.
1017 193 1060 257 29

88 363 149 422 que
164 346 262 406 animo
277 344 422 406 valentem
438 344 553 424 longior
568 353 686 406 maneat
700 352 847 408 senectus.
878 365 964 426 quem
982 348 1059 407 enim

91 437 224 490 veterum
246 447 325 490 nunc
341 431 484 490 memoria
505 432 680 510 suspicimus
702 432 857 508 prudentia
879 430 924 491 vel
946 440 1059 508 tempe-

88 515 186 574 rantia
208 512 254 574 vel
273 514 383 576 iustitia
399 513 445 574 vel
460 515 633 576 lortitudine
647 515 701 576 tibi
717 523 865 576 antestare
887 515 1060 596 [dicimus]l

90 599 158 676 quis
174 615 293 669 eorum,
310 599 335 656 si
352 598 482 667 adesset,
503 600 607 658 nonin
626 605 655 658 te
671 600 803 660 omnium
818 601 957 660 virtutum
974 618 1060 678 prae·

48 681 268 743 sdicationem
299 681 470 743 conferret?
509 684 574 761 quis
605 685 663 743 tuis
692 682 830 744 laudibus
861 703 893 744 se
922 685 1060 762 postponi

90 765 302 828 erubesceret?
330 765 402 827 illud
419 775 518 836 certe,
541 773 573 827 ut
594 767 741 842 arbitror,
766 767 886 844 dignum
909 776 953 828 est
973 785 1060 846 prae-

89 851 256 922 dicatione,
287 851 381 930 quod,
415 870 480 912 cum
497 849 554 911 illis
569 852 664 912 ferme
686 851 825 912 omnibus
841 853 974 928 quamvis
989 869 1060 930 pru·
1149 879 1152 885 ·

88 935 271 996 deotissimis
292 943 322 996 et
341 934 445 1014 procul
473 953 488 1017 a
512 935 665 1014 republica
689 938 793 997 amotis
819 954 879 996 non
904 938 1061 1013 contigerit

88 1022 154 1080 sine
176 1020 338 1081 ollensione
360 1026 388 1078 et
408 1020 476 1080 odio
498 1019 673 1098 plerumque
695 1021 811 1098 capitali
831 1022 919 1082 vitam
941 1020 1058 1098 degere,

34 1118 69 1166 to
90 1111 237 1164 tutamen
253 1103 358 1164 officiis
373 1103 600 1181 municipalibus
616 1104 749 1176 iunctus,
771 1104 886 1165 honore
901 1107 1061 1166 sacerdotii

87 1190 119 1248 in
145 1187 329 1267 principibus
355 1196 423 1248 tuae
454 1189 577 1250 civitatis
608 1191 799 1267 conspicuus,
831 1190 943 1250 ordinis
973 1191 1060 1250 etiam

89 1274 239 1350 equestris
262 1273 402 1351 dignitate
428 1273 552 1350 gradum
582 1272 806 1350 provincialium
838 1291 1058 1351 supergressus,
1101 1340 1104 1348 ,

89 1374 152 1418 non
168 1357 256 1418 modo
272 1359 335 1418 sine
349 1357 583 1436 reprehensione
598 1366 628 1418 et
642 1357 747 1418 invidia
762 1375 881 1436 semper
897 1357 995 1427 luisti,
1011 1377 1060 1417 ve-

88 1461 157 1502 rum
181 1444 269 1502 etiam
282 1442 415 1502 omnium
438 1443 558 1503 omnino
580 1460 712 1502 amorem
735 1460 801 1503 curn
818 1443 943 1502 maxima
965 1442 1060 1520 gloria

35 1537 69 1588 15
90 1533 270 1588 consecutus
285 1545 326 1587 es.
358 1527 423 1606 quis
443 1545 459 1587 a
476 1535 504 1587 te
519 1529 601 1587 nosci
617 1535 668 1587 aut
685 1545 721 1586 ex
742 1525 925 1605 amplissimo
941 1534 1060 1587 senatus
1079 1539 1094 1588 o

89 1611 197 1672 ordine
220 1629 279 1671 noo
302 1613 423 1690 expetiit
444 1619 495 1672 aut
510 1630 544 1671 ex
561 1609 720 1671 humiliore
735 1611 830 1688 plebis
846 1629 906 1672 non
929 1613 1059 1689 optavit?

88 1696 157 1775 quis
183 1695 351 1756 mortalium
377 1695 422 1756 vel
443 1705 473 1757 te
499 1695 570 1756 vidit
595 1695 640 1756 vel
667 1697 704 1756 de
724 1705 776 1757 tuo
797 1698 916 1757 nomine
938 1697 1059 1775 accepit,

88 1779 162 1859 quin
184 1788 214 1840 et
227 1779 294 1840 loco
308 1781 408 1841 fratris
422 1783 557 1859 germani
578 1779 677 1858 diligat
698 1788 728 1842 et
742 1782 804 1840 vice
819 1782 951 1858 parentis
972 1797 1059 1840 vene·

88 1865 193 1926 returi
215 1866 281 1942 quis
301 1865 418 1942 ignorat
433 1865 609 1942 probitatem
632 1865 772 1944 primam,
794 1865 882 1925 lidem
904 1882 1058 1931 summam,

33 1963 69 2012 20
87 1948 301 2026 benignitatem
330 1949 547 2018 incredibilem,
590 1949 763 2010 modestiam
795 1949 1060 2027 verecundiamque

88 2033 272 2110 singularem
294 2040 451 2114 ceteraque
471 2033 660 2094 humanitatis
689 2033 785 2094 officia
806 2051 898 2112 penes
918 2039 947 2092 te
968 2050 1058 2092 unum

89 2135 173 2188 esse,
205 2117 373 2198 etquidem
395 2120 506 2180 maiora
529 2136 617 2194 quam
641 2120 754 2197 possint
769 2117 857 2195 digne
879 2133 1059 2196 aquoquam

88 2203 217 2264 referri?
251 2221 343 2282 quare
370 2210 399 2262 et
421 2219 476 2280 ego
497 2203 543 2263 his
565 2221 644 2264 nunc
667 2202 935 2263 commemorandis
956 2214 1094 2279 super-c

90 2287 213 2348 sedebo.
245 2287 283 2348 de
298 2286 464 2367 eloquentia
480 2305 599 2366 quoque
614 2286 702 2356 sileo,
719 2305 808 2366 quarn
828 2289 925 2348 omnia
942 2288 1059 2364 provin·

33 2384 70 2434 25
90 2374 206 2434 ciarum
227 2377 395 2434 nostrarum
412 2369 584 2442 tribunalia,
608 2389 710 2432 omnes
731 2372 883 2449 praesides
904 2379 1059 2438 noverunt,

89 2475 180 2538 quam
202 2456 330 2535 denique
350 2454 423 2517 urbs
438 2456 531 2518 Roma
554 2464 583 2518 et
603 2455 747 2517 auditoria
762 2475 845 2518 sacra
861 2458 966 2516 mirata
981 2464 1059 2516 sunt.

89 2543 167 2602 haec
190 2559 223 2602 se
250 2547 279 2602 et
304 2541 504 2620 adpraesens
530 2547 558 2602 et
583 2541 731 2602 inlutum
758 2540 875 2603 saecula
902 2541 972 2603 satis
999 2541 1059 2619 ipsa

90 2625 238 2688 nobilitat.

157 2711 241 2772 Nunc
260 2728 331 2770 uero
351 2717 497 2788 quatenus
518 2710 556 2770 de
572 2709 619 2770 die
635 2710 726 2772 natali
742 2709 855 2781 scribo,
878 2727 977 2770 meum
993 2727 1057 2769 mu·
1075 2713 1111 2774 ld

35 2807 71 2858 30
90 2813 149 2858 nus
164 2794 280 2875 inplere
296 2794 442 2864 conabor,
460 2801 635 2874 tempusque
651 2795 842 2864 hodiernum,
860 2811 918 2872 quo
935 2793 1060 2854 maxime

90 2976 298 2984 μοι-

164 3085 187 3135 l.
211 3097 291 3148 quem
316 3082 388 3134 enim
409 3086 547 3142 veterum,
573 3095 686 3146 quorum
707 3081 867 3133 memoriam
889 3081 1061 3146 suspicimus,

90 3150 243 3216 prudentia
261 3177 293 3188 -
312 3151 447 3201 antistare
466 3149 589 3200 dicemus
606 3150 703 3200 Iadnus
723 3151 858 3201 secundum
876 3150 1062 3200 uacunannum

90 3223 119 3270 2.
138 3219 311 3283 suscepimus
334 3219 362 3268 V
426 3221 451 3270 3.
470 3217 714 3268 roarrrubmemll
783 3219 807 3268 5.
826 3229 978 3282 posaposnr
996 3230 1061 3266 eau-

89 3300 228 3338 atecener
245 3288 283 3348 D,
313 3288 422 3338 carad
484 3288 513 3340 ,8,
538 3298 623 3338 morrs
641 3285 708 3347 DV,
739 3284 994 3336 remotisdauelrius

90 3358 118 3406 9.
142 3369 208 3404 ntro
226 3354 282 3404 DV
350 3356 390 3407 10.
409 3353 550 3404 sacerdoti
573 3355 600 3402 V
665 3355 706 3404 13.
730 3352 968 3418 repraehensione
986 3352 1011 3401 D

92 3423 135 3475 lb.
156 3423 204 3486 qni
227 3424 245 3473 d
268 3421 296 3484 (a
314 3424 401 3472 littera
421 3421 567 3487 expuncta)
639 3423 679 3472 16.
704 3435 818 3486 experts
843 3422 867 3470 D
935 3421 977 3470 at.
1000 3433 1061 3483 pre-

91 3505 158 3541 sens
181 3489 210 3539 V
275 3489 448 3554 adimplere
471 3491 498 3540 V
