2424 3938
123 237 206 282 xm
490 211 739 268 rannrnrro.
825 179 828 186 ’

124 356 290 442 Mysiam.“
327 397 368 405 -
403 357 556 442 „Scripsit
588 359 690 424 Dares
721 360 807 444 quod
840 382 877 424 eo
910 361 962 425 die
1001 361 1121 426 troilus

124 448 243 511 multos
275 448 393 512 milites
425 448 586 512 interfecit
618 470 656 512 ex
688 449 810 532 grecis“
842 449 904 530 (De
942 450 1120 514 undecimo

130 535 230 620 bello)
253 536 292 600 cf.
314 535 417 600 Dares
440 559 471 619 p.
495 538 547 618 35,
577 537 617 600 19
641 536 768 620 „prodit
789 537 824 601 in
847 539 952 621 primo
977 537 1120 619 Troilus

125 624 230 690 caedit
252 624 425 707 devastat‘,
448 629 480 688 et
502 625 611 708 paullo
634 625 719 688 infra
741 626 877 708 „multos
902 626 1000 690 duces
1019 626 1121 712 Argi-

127 735 242 778 vorum
271 712 398 777 Troilus
429 713 598 777 interficit‘
621 751 662 760 -
685 712 809 795 „Quare
841 714 963 778 sciendi
991 715 1122 778 fervore

127 803 233 884 ipsum
257 822 430 885 agnoscere
458 802 602 886 gestiunt
630 823 741 865 omnes
770 805 927 885 astantes,
956 808 1122 886 quaerunt

126 891 195 954 eius
219 891 361 972 comites,
384 889 468 953 unde
496 890 561 953 sint
584 893 616 954 et
639 890 819 972 specialiter
842 891 913 974 quis
938 892 982 954 sit
1004 890 1122 956 Paris“

127 977 191 1060 (De
218 999 351 1042 numero
379 977 509 1042 navium
538 999 617 1061 quas
641 977 773 1042 Troiani
800 977 961 1042 duxerunt
988 980 1024 1043 in
1048 1001 1121 1064 gre-

127 1088 238 1130 corum
261 1065 555 1150 depopulationem)
578 1065 616 1130 cf.
639 1063 741 1130 Dares
763 1089 795 1149 p.
812 1068 861 1150 12,
884 1068 906 1130 4
926 1067 981 1151 „hi
1004 1069 1062 1151 qui
1086 1069 1122 1131 in

127 1155 234 1218 insula
248 1157 347 1235 erant,
361 1154 562 1217 mirabantur
576 1155 711 1218 classem
724 1156 856 1239 regiam,
870 1156 1121 1240 interrogabant

128 1243 170 1306 ab
193 1241 256 1306 illis
280 1242 335 1326 qui
358 1264 432 1306 cum
445 1241 629 1307 Alexandro
643 1247 807 1327 venerant,
831 1245 1017 1328 quiessent,
1041 1244 1122 1328 quid

129 1330 312 1395 venissent“
335 1369 377 1377 —-
404 1330 579 1414 Praecipue
610 1334 716 1396 antem
747 1331 912 1415 complura
942 1355 1023 1417 quae
1060 1333 1122 1398 sub

127 1420 227 1483 finem
258 1420 332 1484 libri
359 1419 540 1484 invenimus
575 1442 648 1484 oum
677 1419 795 1484 Darcte
827 1422 1047 1503 consentiunt,
1087 1425 1123 1484 ut

130 1508 222 1572 haec:
245 1509 298 1590 „in
311 1509 375 1572 fine
390 1512 499 1572 tamen
513 1509 617 1590 operis
633 1509 683 1572 sui
696 1508 757 1574 hoc
772 1509 907 1591 addidit:
930 1507 1123 1594 Pugnatum

130 1600 181 1660 est
210 1597 303 1660 annis
334 1597 442 1660 decem
472 1596 637 1660 mensibus
668 1619 723 1661 sex
753 1597 864 1662 diebus
892 1599 1062 1663 duodecim
1090 1604 1124 1662 ct

129 1685 169 1748 de
193 1683 303 1747 Grecis
326 1685 456 1747 fuerunt
479 1685 563 1768 apud
587 1684 717 1749 Troiam
740 1687 926 1770 octingenta
951 1708 1007 1751 sex
1029 1688 1121 1750 milia

130 1773 356 1857 pugnatorum.
402 1771 533 1837 Troiani
547 1793 622 1838 vcro
636 1778 818 1858 pugnantes
833 1775 888 1858 qui
908 1796 967 1858 pro
990 1775 1122 1838 civitate

132 1861 204 1945 ipsa
226 1859 424 1924 defendenda
447 1865 680 1944 pugnaverunt,
704 1861 835 1926 fuerunt
857 1865 1008 1926 sexcenta
1030 1864 1122 1927 milia

132 1949 338 2034 septuaginta
362 1970 425 2013 sex.
439 1947 531 2012 Dixit
554 1950 652 2013 ctiam
674 1971 785 2032 naves,
809 1972 881 2014 cum
906 1951 1021 2034 quibus
1045 1973 1121 2014 exn·

130 2038 211 2102 lavit
246 2037 354 2102 Encas
387 2037 487 2101 fuisse
520 2037 673 2102 ducentas
707 2041 739 2101 et
771 2059 843 2101 cum
875 2039 991 2122 quibus
1025 2040 1124 2103 etiam

131 2125 222 2190 Paris
250 2128 285 2189 in
314 2124 461 2190 Greciam
488 2125 551 2188 fuit
576 2126 747 2208 profectus.
793 2125 925 2191 Troiani
948 2148 1037 2209 vero,
1069 2128 1123 2211 qui

131 2215 233 2278 secuti
257 2218 332 2277 sunt
345 2214 575 2298 Anthenorcm‚
597 2213 728 2278 fuerunt
747 2214 923 2279 duomilia
946 2215 1123 2300 quingenti,

133 2302 231 2366 ceteri
259 2303 360 2366 secuti
389 2305 464 2365 sunt
491 2301 635 2366 Eneam“
661 2303 700 2366 cl.
723 2301 825 2367 Dares
849 2326 878 2386 p.
903 2303 959 2386 52,
987 2305 1008 2366 3
1037 2325 1124 2388 seqq.

132 2390 181 2453 Ac
203 2412 243 2453 ne
267 2391 343 2474 quid
358 2391 483 2455 deesset
496 2413 682 2473 consensus,
695 2394 859 2474 postremo
874 2392 986 2456 tabula
999 2411 1123 2476 pugna-

132 2482 253 2560 torum,
286 2479 323 2542 de
348 2501 411 2562 qua
433 2501 463 2561 p.
482 2477 537 2542 IX.
557 2479 705 2560 disserui,
739 2479 886 2562 adicitur,
918 2481 953 2543 in
977 2502 1041 2564 qua
1063 2481 1123 2544 hoc

133 2569 262 2629 tantum
299 2565 378 2629 mihi
415 2570 530 2630 notatu
563 2567 697 2652 dignum
719 2568 854 2650 videtur,
887 2568 973 2652 quod
1004 2569 1122 2632 rectius

134 2675 231 2738 quam
254 2655 290 2717 in
312 2653 401 2718 codd.
425 2677 506 2739 quos
534 2656 681 2740 equidem
710 2657 847 2740 cognovi
870 2655 1066 2740 Epistropus
1095 2660 1124 2719 et

133 2741 250 2808 Uedius
265 2741 297 2828 (i.
313 2765 338 2807 c.
352 2743 568 2827 Epistrophus
584 2747 616 2808 et
630 2741 798 2828 Schedius)
812 2744 847 2807 in
861 2767 995 2809 numero
1011 2765 1120 2809 eorum

19 2865 20 2868 ¹
138 2835 214 2896 sunt
235 2855 316 2918 quos
339 2831 461 2897 Hector
483 2833 652 2902 interfecit.
680 2893 681 2896 ,

223 2920 267 2985 lis
301 2943 381 3004 quae
415 2922 529 2987 ultimo
557 2923 627 2986 loco
657 2921 764 2986 addidi
792 2920 945 2985 Daretem
974 2923 1003 2984 ei
1030 2922 1122 3005 plane

135 3010 246 3074 eadem
269 3009 373 3074 forma
396 3031 460 3094 qua
482 3011 576 3074 nobis
591 3011 757 3094 cognitum
770 3009 870 3074 fuisse
885 3011 1124 3093 comprobatur:

135 3120 175 3161 ex
203 3098 334 3182 reliquis
366 3103 473 3162 autem
503 3119 584 3182 quae
614 3098 797 3182 comparavi
826 3098 888 3164 hoc
918 3098 1123 3162 manifestum

135 3207 207 3251 esse
235 3207 348 3250 censeo
376 3186 584 3270 praecipuum
612 3187 679 3250 eius
706 3186 830 3250 fontem
852 3187 951 3250 fuisse
974 3186 1123 3251 Daretem

137 3273 415 3358 Francogallicum
440 3275 561 3339 scilicet
584 3273 802 3354 Benedictum.
847 3273 919 3340 Hoc
943 3277 1042 3340 etiam
1064 3274 1122 3338 cla·

136 3363 263 3423 rissime
287 3364 389 3426 elucet
412 3384 451 3425 ex
472 3363 582 3426 multis
605 3364 789 3427 nominibus
813 3363 952 3445 propriis
968 3362 1122 3445 corruptis

139 3447 191 3508 vel
220 3447 303 3508 fictis
335 3471 415 3530 qnae
446 3471 485 3513 ex
514 3451 569 3514 illo
600 3449 667 3514 fere
693 3451 821 3534 recepit.
867 3450 958 3514 Inter
991 3449 1122 3515 Graecos

138 3531 234 3593 duces
262 3535 470 3599 nominantur
492 3535 609 3601 Tedius
633 3539 671 3601 de
694 3559 795 3622 regno
818 3537 977 3622 Forcidis,
1006 3537 1123 3602 Dorion
