2414 3946
106 448 142 506 15

452 194 656 242 FRAGMENTI
680 193 755 241 ΟΑΡ.
773 194 829 240 XV.

398 452 447 502 DE
466 451 629 501 NUMERIS
649 449 893 504 SIMPLICIBUS.

182 657 187 666 .
224 587 395 667 Pyrrichius

377 671 498 749 Rapite,
516 672 609 748 agite,
626 671 703 731 ruite
719 670 910 749 ceIeripedes.

160 756 331 818 Contrarias
348 762 392 816 est
408 756 475 816 huie
492 765 521 816 et
537 753 801 834 duedeeasyiiabus
816 756 1011 835 spondiazon,

363 838 420 900 Olli
436 840 559 900 crateris
576 857 610 899 ex
628 841 739 900 auratis
754 839 925 902 hauserunt.
1146 855 1160 902 5

159 923 297 1004 Dactyius

218 1007 423 1069 Putreruienta
440 1016 558 1086 putrem
573 1009 669 1068 sonitu
686 1011 778 1087 quatit
793 1007 902 1087 ungula
918 1027 1067 1088 eampum.

160 1092 398 1172 Amphibrachys
412 1110 473 1152 nen
489 1093 556 1153 iacit
573 1110 740 1153 numerum.

224 1179 406 1254 anapaestus

267 1261 357 1340 Agiiis
373 1263 491 1340 sonipes
508 1262 621 1339 rapitur
638 1260 727 1321 celeri
742 1263 840 1323 sonitu
856 1263 1018 1341 trepidans.
1150 1280 1175 1327 m

161 1347 296 1409 Creticus

314 1429 435 1491 iiorridi
452 1436 608 1490 transeunt
623 1430 657 1490 ad
675 1430 766 1508 pedes
782 1449 816 1490 ex
834 1433 926 1511 equis.

162 1515 387 1576 Paiinbaeclrius

314 1600 430 1658 Amicos
446 1599 481 1659 ad
498 1598 575 1659 hans
590 1616 669 1669 rem,
686 1601 709 1658 si
727 1599 819 1670 rores,
837 1600 955 1661 advoca.

160 1684 306 1745 Bacchius
322 1701 381 1742 non
396 1682 465 1743 facit
480 1701 646 1744 numerum.

161 1767 307 1828 Molossus
322 1767 400 1828 idem
417 1776 461 1828 est
477 1770 527 1846 qui
542 1768 731 1845 spondiazon.

226 1852 311 1914 Nunc
333 1853 581 1930 quemadmodum
604 1853 791 1931 aprineipaii
813 1853 934 1914 heroice
956 1853 1061 1932 piures
1083 1874 1134 1915 nu·

161 1938 237 1998 meri
257 1937 505 2015 transfigurantur
526 1937 688 1997 ostendam.
732 1956 766 1998 ae
788 1940 901 2016 primus
922 1941 1079 2000 trimetrus
1101 1943 1136 2000 sit

162 2022 299 2084 heroicus
315 2022 507 2101 spondiazom

315 2106 397 2168 Cives
413 2106 539 2168 Romani
554 2114 624 2167 tune
639 2107 707 2167 faeti
724 2114 792 2166 sunt
808 2106 963 2185 Campani:

164 2190 305 2272 syllabam
328 2209 433 2261 unam,
456 2210 531 2271 quae
552 2199 685 2252 estante
706 2199 884 2261 extremam,
907 2210 942 2252 ex
958 2192 1050 2272 ionga
1067 2213 1137 2255 cen·
1199 2177 1200 2214 ³

162 2275 265 2345 traho,
283 2283 316 2336 ut
331 2277 368 2335 sit

316 2360 400 2421 Cives
415 2360 541 2420 Romani
557 2367 627 2421 tune
642 2360 710 2421 iacti
725 2369 794 2420 sunt
809 2360 909 2440 Apuli,

163 2453 194 2504 et
210 2462 275 2505 esse
291 2447 388 2523 eoepit
403 2447 563 2506 trimetros.
595 2466 634 2506 *a
651 2445 811 2522 elegiacum
829 2445 980 2520 transibit,

484 2528 562 2590 Beiia
580 2547 633 2608 per
648 2529 807 2591 Emathios.

163 2656 365 2666 .----

231 2802 255 2850 2.
275 2800 429 2864 pteaaehms
449 2801 473 2849 D
543 2802 567 2850 3.
586 2801 655 2864 cons.
672 2799 792 2852 Ribbeck.
813 2807 879 2863 arey.
897 2803 944 2856 ret.
966 2816 994 2865 p.
1013 2803 1071 2852 228

161 2871 188 2918 4.
213 2867 362 2934 porretayon
387 2868 475 2934 (egon
498 2868 523 2916 in
541 2865 611 2933 ras.)
635 2869 671 2929 D,
696 2867 867 2932 spendiaeon
893 2867 920 2916 V
987 2869 1011 2918 5.
1038 2868 1142 2918 Ennius

163 2939 248 2986 annal.
265 2939 315 2985 604
385 2935 511 2995 eaeterib;
533 2934 644 2998 (nterim
664 2934 766 3000 iares.)
785 2935 818 2998 D,
838 2935 969 2997 eratenim
993 2937 1019 2985 V
1093 2951 1140 2985 au·

163 3007 259 3054 serunt
282 3005 308 3054 V
374 3006 398 3054 6.
418 3002 538 3053 daeiilus
560 3004 587 3053 V
653 3005 678 3055 7.
696 3003 763 3066 conf.
787 3004 865 3068 Vere.
885 3004 951 3054 Aen.
974 3002 1070 3062 VIII,
1091 3004 1143 3052 596

162 3074 188 3122 8.
213 3070 439 3137 amphibrachius
467 3073 491 3121 V
559 3073 584 3121 9.
604 3075 757 3135 anapestus
779 3071 803 3119 V
873 3069 1139 3132 10.12.14.00nf.

162 3139 283 3191 Ribbeck.
303 3146 369 3205 tray.
388 3141 434 3192 rei.
457 3155 483 3202 p.
503 3141 556 3188 231
627 3140 667 3188 12.
692 3153 725 3187 er
750 3152 827 3202 equas
852 3139 909 3188 DV
974 3139 1014 3188 13.
1040 3151 1140 3203 paras·

162 3208 278 3259 sachius
302 3208 340 3266 D,
365 3206 568 3272 palimbaehius
596 3206 624 3255 V
690 3207 731 3259 14.
755 3213 786 3254 ut
809 3205 881 3256 soles
905 3205 1046 3256 advocato
1071 3206 1141 3256 coni.

162 3277 260 3326 Iainue
330 3277 369 3328 15.
389 3274 507 3325 baebius
523 3275 549 3323 V
617 3276 656 3324 16.
675 3273 795 3324 molosus
811 3275 838 3324 V
904 3275 944 3326 18.
966 3287 1142 3338 rsaasrrqu·

163 3358 237 3392 aazia·
256 3345 280 3392 D
349 3341 380 3391 fit
401 3343 427 3391 V
445 3342 490 3404 (ecc
507 3340 561 3402 sil.)
580 3344 652 3407 vulgo
721 3343 762 3391 20.
782 3343 1046 3406 videauprapem
1067 3343 1102 3389 10

164 3411 205 3455 21.
231 3409 456 3458 contrement
478 3410 515 3458 sit
537 3411 561 3458 V
628 3411 669 3460 23.
696 3422 787 3474 epuett
810 3410 834 3458 D
903 3410 944 3460 24.
970 3419 1141 3459 ‘immersere

163 3473 222 3521 DV
287 3475 329 3522 25.
348 3475 445 3524 Lucan.
463 3475 523 3536 1,1
