2424 3938
130 229 173 294 66
356 229 474 284 INDEX
492 225 671 282 NOMINUM
689 226 737 280 ET
755 223 892 280 RERUM.

129 373 297 440 Polypoetes
317 388 351 424 ex
370 371 471 440 Argisa
490 369 607 424 Graeco·
634 368 751 423 Rhodus
771 374 865 435 18,13
974 417 986 442 v

165 462 227 496 rum
242 443 298 496 dux
314 449 360 508 18,
378 449 409 495 16
439 442 474 494 ab
489 440 608 494 Hectore
637 438 781 492 Salamina
799 445 876 506 4,17
898 443 943 503 17,
959 443 991 494 18

166 514 302 568 occiditur
321 520 367 579 30,
381 519 396 566 6
638 509 781 579 Sarpedon
798 526 813 564 e
830 509 918 578 Lycia
932 509 1120 566 Troianorum

129 585 272 653 Polyxena
290 583 394 639 Priami
412 583 471 636 filia
486 588 545 649 a,4
564 582 610 635 de·
673 581 730 634 dur
754 587 800 648 22,
821 586 853 634 17
886 579 1054 642 vulneratur
1079 586 1121 644 32,

166 656 297 709 scribitur
322 661 402 721 16,1
438 655 474 707 ab
501 652 610 706 Achille
674 658 690 705 3
727 652 845 706 Pherem
871 652 955 706 necat
980 655 1068 718 32,1
1105 666 1122 702 1

167 730 277 780 amatur
288 732 359 794 33,3
378 725 490 794 fugiens
500 725 611 777 Aeneae
674 722 825 777 Palamede
839 721 1007 776 interficitur
1025 727 1072 788 34,
1089 727 1121 774 17

166 814 195 851 11
218 797 318 864 tradit,
348 795 397 864 qui
416 811 478 848 eam
498 794 533 848 ad
554 795 609 847 An·
638 794 726 848 Scaea
748 796 832 865 porta
854 793 954 846 Troiae
975 797 1058 861 6,14
1078 797 1120 856 49,

167 868 272 922 uhisem
285 869 394 936 patrem
406 865 553 920 abscondit
567 870 610 932 49,
674 872 688 918 1
707 872 740 919 10

167 946 201 993 20
229 940 265 992 ad
279 941 517 1008 Agamemnonem
535 935 610 988 duci·
639 935 774 990 Schedius
797 952 830 990 ex
853 934 976 992 Phocide
999 932 1120 988 Graeco·

165 1013 211 1062 tur
240 1016 285 1077 51,
313 1017 345 1062 13
381 1025 398 1061 1
425 1006 611 1075 Neoptolemo
672 1006 807 1060 rumdux
824 1011 869 1071 17,
886 1011 918 1060 17
948 1005 983 1059 ab
997 1003 1120 1058 Hectore

167 1081 204 1134 ad
218 1081 358 1133 tumulum
367 1078 456 1148 patrie
467 1077 610 1146 iugulatur
672 1077 840 1131 interficitur
861 1081 908 1143 26,
926 1081 957 1130 19

168 1158 214 1218 51,
232 1158 263 1204 15
638 1146 754 1216 Scyrum
773 1153 868 1214 42,11

130 1221 288 1290 Polyxenus
305 1221 473 1274 Graecorum
493 1218 548 1270 dux
569 1222 610 1284 17,
639 1217 754 1288 Sigeum
788 1215 1024 1288 promontorium,
1063 1231 1118 1283 quo

169 1299 201 1347 19
239 1293 274 1346 ab
301 1293 420 1346 Hectore
438 1289 610 1362 {interfectus
674 1291 865 1342 convenerunt
910 1285 1042 1340 Hercules
1092 1291 1119 1338 et

169 1371 264 1430 26,19
674 1359 777 1427 reliqui
802 1363 881 1426 a,10
937 1389 939 1394 ·

131 1434 258 1488 Priamus
278 1432 475 1488 Laomedontis
497 1431 571 1484 filius
587 1437 611 1498 1,
640 1429 742 1485 Simois
764 1432 863 1498 portus
880 1427 1021 1496 Phrygiae
1040 1432 1071 1492 3,
1089 1431 1119 1480 13

170 1513 201 1560 19
240 1505 343 1559 multos
371 1505 443 1558 filios
469 1501 612 1572 legitimos
675 1499 716 1555 ibi
735 1499 887 1569 appellitur
909 1499 985 1567 Argo
1003 1503 1033 1565 3,
1049 1503 1084 1550 21

168 1581 197 1630 et
216 1593 230 1629 e
248 1574 409 1630 concubinis
424 1576 505 1628 natos
525 1573 615 1626 habet
641 1571 729 1625 Sinon
747 1577 795 1638 48,
810 1576 825 1624 7
929 1606 930 1609 =

169 1653 233 1712 6,5
271 1647 368 1699 urbem
394 1645 508 1699 Troiam
536 1643 612 1697 dele·
640 1642 742 1711 Sparta
761 1647 838 1710 4,11
860 1646 955 1708 11,12
975 1643 1071 1704 13,17

168 1722 228 1782 tam
260 1717 386 1769 restituit
414 1721 476 1781 6,7
504 1715 612 1784 regiam
640 1713 790 1767 Sthenelus
804 1728 838 1766 ex
852 1710 936 1780 Argis
951 1709 1120 1764 Graecorum

168 1787 310 1853 aedificat,
332 1786 392 1839 Iovi
411 1802 488 1840 aram
510 1789 539 1838 et
558 1788 613 1838 sta·
676 1784 732 1837 dux
752 1789 828 1850 19,1
862 1781 899 1836 ab
918 1780 1038 1834 Hectore
1057 1780 1120 1834 vul-

167 1861 246 1913 tuam
279 1860 423 1911 consecrat
451 1863 481 1924 6,
508 1862 540 1908 11
583 1856 613 1909 in
676 1857 791 1908 neratur
809 1858 857 1919 29,
872 1858 906 1906 22

169 1930 300 1984 concione
343 1928 449 1996 populo
491 1926 612 1990 nuntiat,
641 1925 776 1979 Telamon
794 1941 858 1978 cum
872 1921 991 1976 Hercule
1007 1920 1122 1974 Troiam

169 2001 237 2068 quid
269 1999 324 2054 sibi
355 1997 491 2066 obtigerit
526 2004 572 2064 10,
596 2003 612 2050 2
677 1997 820 2065 expugnat
834 2000 895 2062 5,6
916 1993 1024 2070 primus
1038 1992 1123 2045 ilium

168 2071 305 2124 Helenam
319 2071 430 2138 raptam
444 2069 613 2134 consolatur,
676 2066 765 2120 intrat
779 2071 807 2130 5,
824 2071 856 2118 15
881 2063 1035 2117 Hesionam
1049 2063 1125 2116 dono

169 2141 328 2194 Alexandro
343 2140 490 2209 coniugem
506 2139 556 2192 dat
572 2145 613 2204 13,
677 2136 780 2205 accipit
794 2141 824 2204 5,
840 2141 873 2188 16
896 2151 945 2188 rex
963 2133 1124 2187 Salaminae

172 2217 203 2264 12
246 2211 413 2266 describitur
446 2216 554 2278 1415
596 2226 614 2262 a
678 2212 739 2275 7,7

170 2282 357 2350 Neoptolemo
381 2283 496 2334 necatur
517 2285 613 2345 49,18
642 2277 783 2346 Telephus
803 2276 877 2330 filius
895 2273 1024 2328 Herculis
1044 2280 1095 2340 21,
1112 2280 1126 2327 6

134 2352 305 2406 Protesilaus
329 2369 363 2406 ex
386 2351 510 2420 Phylaca
537 2356 613 2416 18,9
677 2344 1129 2413 eumAchillemittituradprae-

171 2423 337 2476 describitur
366 2429 411 2488 16,
435 2429 468 2474 23
509 2421 614 2490 primus
678 2419 800 2472 dandam
811 2416 933 2486 Mysiam
945 2421 1031 2482 20,27
1055 2415 1129 2468 Teu-

170 2494 237 2547 litus
249 2496 375 2562 occupat,
390 2494 425 2547 ab
435 2493 554 2546 Hectore
570 2509 614 2546 oc·
677 2490 820 2543 thrantem
828 2488 920 2558 clipeo
928 2485 1055 2555 protexit
1065 2491 1129 2552 21,4

171 2564 361 2631 claustrae
387 2563 521 2632 sepelitur
536 2567 614 2628 25,9
643 2559 771 2614 Tenedus
794 2561 892 2628 portus
917 2562 998 2624 13,3
1024 2562 1074 2622 21,
1094 2562 1129 2610 20

136 2634 309 2690 Prothoenor
323 2651 356 2688 ex
372 2633 488 2687 Boeotia
498 2632 615 2686 Graeco·
677 2631 786 2684 incolae
801 2645 818 2682 a
831 2627 943 2682 Graecis
958 2626 1131 2681 occiduntur

172 2725 233 2759 rum
248 2706 304 2758 dux
324 2711 369 2772 17,
388 2711 419 2758 14
446 2705 481 2756 ab
497 2703 615 2757 Hectore
679 2707 726 2768 20,
741 2707 774 2754 21

172 2777 336 2830 interiectus
355 2782 403 2842 26,
420 2782 433 2830 1
644 2772 750 2826 Teucer
762 2771 849 2824 irater
862 2767 956 2822 Aiacis
966 2766 1131 2821 Telamonii

87 2875 89 2878 ⁴
136 2848 276 2902 Prothous
295 2863 329 2900 ex
348 2845 494 2916 Magnesia
514 2851 592 2910 19,4
680 2848 727 2908 17,
744 2848 776 2896 18

136 2919 319 2986 Pylaemenes
367 2934 382 2970 e
422 2915 618 2984 Paphlagonia
645 2911 782 2967 Teuthras
812 2927 862 2964 rex
893 2907 1002 2978 Mysiae
1038 2913 1090 2974 21,
1118 2915 1131 2960 1

173 2989 356 3042 Troianorum
376 2988 432 3040 dux
451 2992 528 3053 23,2
680 2983 716 3036 ab
744 2981 853 3036 Achille
880 2980 1048 3034 vulneratus
1078 2978 1133 3032 Te·

137 3059 257 3128 Pylaeus
284 3059 320 3112 ab
344 3057 453 3113 Achille
482 3055 617 3111 occiditur
679 3053 763 3122 lepho
799 3067 917 3122 regnum
953 3047 1046 3102 tradit
1087 3055 1132 3116 21,

138 3174 224 3270 Pylai
247 3201 341 3272 patria
363 3198 490 3254 Nestoris
513 3203 572 3265 3,5
592 3203 617 3262 4,
646 3193 781 3264 Thalpius
806 3192 974 3247 Graecorum
1000 3189 1062 3242 dux
1091 3196 1132 3258 17,

138 3341 325 3408 Pyraechmes
343 3314 500 3394 e'Paeonia
523 3337 618 3391 Troia·
646 3335 784 3399 Thesidae
804 3339 850 3400 24,
866 3339 882 3386 4
901 3337 949 3398 32,
964 3337 997 3388 11

175 3426 274 3463 norum
292 3411 349 3462 dux
368 3417 415 3475 22,
432 3415 464 3463 19
646 3407 766 3460 Thestor
779 3407 861 3474 pater
873 3401 1040 3456 Calchantis
1056 3408 1102 3471 20,
1118 3410 1131 3456 1

140 3475 248 3530 Rhesus
268 3479 418 3532 eThracia
435 3478 619 3532 Troianorum
646 3477 739 3530 Thoas
762 3492 797 3530 ex
818 3473 931 3530 Aetolia
957 3469 1134 3528 Graecorum

177 3545 233 3596 dmr
251 3553 329 3612 23,4
683 3546 738 3600 dux
758 3551 837 3615 18,2
