2414 3946
170 181 213 246 64
442 193 647 242 rnscunnrr
670 193 749 241 cor,
763 195 796 240 x.
813 195 860 242 xr.

171 343 296 414 postque
319 335 374 396 hos
396 333 511 413 poetica
532 333 622 394 valuit
643 331 733 394 veluti
751 331 880 410 legitima
903 331 1033 412 [musica
1051 331 1143 394 licen·

170 419 244 501 tior]
260 420 413 499 magisque
427 417 584 480 modulata.

121 619 159 679 10
450 621 500 670 DE
519 618 663 670 NOMINE
681 617 858 669 RHYTHMI.

236 756 402 836 Rhythmus
425 755 557 816 creditur
584 753 680 814 dictus
705 773 721 814 a
742 753 920 832 Rythmonio
942 753 1057 831 Orphei
1086 755 1145 815 lilio

174 849 203 902 ot
228 841 386 902 Idomenae
412 838 559 919 nymphae
586 839 758 906 Ismaricae,
795 844 829 897 ut
854 837 945 899 tradit
971 838 1172 900 Nicocratest

173 925 250 986 lihro
265 943 354 1003 quem
371 925 528 1002 conposuit
542 923 579 984 de
594 921 721 984 tltusio.
753 921 868 984 'siratre
878 921 1041 1000 liythruoni
1056 924 1147 986 tradit

174 1011 316 1090 llymene,
333 1009 494 1069 Verritonis
509 1016 606 1068 autem
623 1014 652 1068 et
667 1005 812 1068 Coloridis
827 1007 950 1068 'lirisiae
965 1006 1046 1068 [iliae
1061 1007 1147 1069 Peri-

174 1093 340 1154 clemenum
353 1099 382 1154 ct
393 1089 611 1162 Peridemem's,
628 1093 678 1171 qui
694 1092 807 1170 primus
822 1093 966 1152 cecinerit
979 1109 1031 1152 res
1046 1101 1146 1171 gestes

174 1179 299 1239 heroum
314 1177 434 1238 musicis
449 1176 592 1238 cantibus.

124 1380 155 1437 ll
549 1379 600 1429 DE
618 1376 764 1429 mustos.
1163 1382 1184 1428 10

239 1515 351 1577 Musica
377 1522 423 1576 est
446 1515 550 1593 peritia
575 1514 780 1575 faciendorum
802 1522 831 1588 et
852 1513 1057 1574 canendorum
1085 1534 1149 1576 rno-

177 1599 292 1660 dorum.
339 1601 402 1660 eius
431 1606 531 1676 partes
559 1599 747 1668 harmonica,
778 1600 931 1676 organica,
969 1597 1147 1678 rhythmice,

176 1685 362 1744 crusmatica.
398 1692 546 1744 crusmata
562 1682 664 1762 pulsus
679 1683 781 1744 decori
802 1685 865 1746 sine
886 1683 1020 1744 carmine
1040 1702 1148 1747 vocau-

176 1776 239 1836 tur;
267 1766 421 1829 harmonia
449 1775 494 1830 est
519 1769 725 1837 consonantie3
760 1770 899 1846 organica
922 1789 970 1830 a*
991 1767 1149 1848 rhythmos

143 1867 159 1915 2
178 1854 309 1924 Graece,
330 1853 435 1914 modus
450 1852 559 1914 dicitur
574 1854 676 1914 Latine
691 1875 708 1914 e
722 1874 738 1913 e
754 1853 922 1914 nominatus
937 1870 1044 1914 versus
1059 1853 1099 1914 ah
1116 1873 1148 1914 eo
1164 1861 1184 1910 15

177 1939 256 2017 quod
278 1937 350 1999 iluat
374 1954 465 2016 seque
486 1939 549 2017 ipse
570 1935 743 1998 circumeat
789 1936 895 1998 modus
914 1944 1016 1998 autem
1037 1946 1084 1998 est
1104 1938 1149 2000 lex

178 2023 322 2102 quaedam
350 2030 379 2084 et
405 2021 480 2083 ordo
500 2021 644 2082 vocalium
670 2020 895 2083 intervallorum
922 2031 952 2082 et
972 2021 1148 2092 differentia,

177 2107 238 2178 rel,
254 2117 287 2168 ut
301 2108 493 2168 Aristoxenus
508 2107 584 2175 finit,
606 2123 666 2166 non
681 2115 843 2184 utcumque
857 2107 1047 2184 conpositum
1063 2125 1149 2168 voca·

144 2191 250 2254 alium
270 2201 438 2272 temporum
461 2190 656 2252 intervallum.
691 2207 812 2251 carmen
833 2198 878 2251 est
898 2190 1005 2251 modus
1025 2192 1150 2253 uocibus

177 2278 309 2346 iunctus,
326 2278 409 2338 cuius
424 2276 593 2337 discrimina
610 2282 727 2348 cautus,
743 2274 864 2346 modus,
880 2284 987 2336 motus.
1026 2287 1149 2338 *stem-
1163 2285 1186 2333 tt

178 2377 235 2440 pus
263 2368 306 2421 est
331 2359 459 2440 syllabae
478 2361 618 2438 spatium,
649 2359 737 2420 huius
763 2359 941 2421 elementum
969 2359 1073 2423 brevis
1094 2361 1150 2443 syl·

248 2532 272 2582 1.
298 2545 395 2595 posuq.
418 2530 456 2593 D,
484 2533 631 2596 postquam
657 2529 683 2579 V
749 2533 774 2580 3.
798 2529 908 2579 nurhmi
929 2530 966 2588 D,
997 2531 1076 2580 ritmi
1103 2531 1129 2581 V
1133 2529 1149 2592 ¹,

178 2597 272 2647 rithmi
298 2598 324 2647 V
343 2615 374 2648 m.
398 2614 451 2647 rec.
520 2599 546 2648 4.
569 2595 703 2648 sruhmus
725 2595 782 2646 DV
848 2597 1003 2647 ntuhmouto
1027 2599 1087 2648 DV

178 2667 203 2716 5.
222 2663 415 2727 theomenalae
428 2678 545 2716 naturae
560 2677 664 2716 mansee
677 2666 710 2723 D,
728 2663 873 2716 iduomeae
885 2663 979 2730 nymse
995 2666 1105 2731 marica
1121 2665 1151 2722 V,

178 2734 422 2792 commiscitato,
444 2733 587 2784 Idmoniae
610 2735 675 2784 coni.
698 2732 839 2783 Urlichsius
907 2746 1071 2784 utoocaarts
1088 2735 1150 2792 DV,

178 2801 354 2852 Nicostratus
366 2801 566 2852 serenaretur.
580 2801 606 2849 X
614 2817 644 2865 p.
658 2802 707 2850 170
775 2801 860 2850 6-8.
879 2799 1035 2864 composuit
1047 2799 1081 2851 de
1094 2815 1150 2850 ma·

179 2869 248 2920 sice.
272 2870 386 2921 fratrem
397 2867 577 2932 Rhythmonii
588 2867 676 2918 tradit
686 2869 889 2930 Hymenaeum,
907 2866 1091 2931 Rhythmonii
1104 2883 1151 2918 au·

179 2941 235 2988 tem
249 2941 277 2987 et
289 2937 436 2998 Chloridis,
455 2936 582 2986 Tiresiae
596 2935 680 2998 filine,
699 2936 920 2998 Periclymennm
934 2939 963 2986 et
973 2935 1151 2987 Perimedem

179 3005 279 3055 loliano
345 3007 370 3054 6.
397 3003 502 3054 musico
528 3004 557 3052 V
620 3002 750 3053 rithmoui
776 3004 802 3053 V
869 3006 894 3054 ⁷.
922 3003 1034 3053 himerte
1059 3005 1149 3054 uerri·

179 3072 265 3123 Touis
289 3074 317 3122 V
380 3071 468 3136 tirisie
489 3072 516 3121 V
581 3073 606 3124 8.
625 3085 848 3122 cecrncnturses
866 3072 891 3121 D
954 3073 1001 3121 110.
1019 3071 1097 3122 Iucu
1116 3088 1150 3122 os

179 3153 281 3191 nvstcn
303 3139 331 3189 V
396 3140 435 3188 ta.
455 3139 598 3190 armonica
620 3137 650 3188 V
713 3138 858 3190 nruhmtca
875 3139 914 3204 D,
932 3139 1067 3190 rithmica
1090 3141 1115 3190 V

181 3210 222 3261 13.
241 3206 345 3258 hecone
362 3207 395 3266 D,
413 3208 515 3257 carad
583 3206 624 3256 14.
643 3218 787 3258 alimonica
804 3207 861 3257 DV
926 3220 1026 3272 oncant
1046 3223 1150 3258 cnarr-

181 3287 238 3326 mos
257 3277 294 3338 D,
320 3275 417 3339 organi
435 3275 565 3325 caritmos
587 3274 615 3323 V
617 3273 635 3338 ¹,
655 3275 789 3339 organica
807 3273 920 3324 rithmos
936 3274 962 3323 V
977 3291 1008 3328 m.
1026 3289 1116 3328 rec.-

181 3345 223 3391 15.
245 3350 335 3392 motus
352 3341 454 3392 dicitnr
470 3342 586 3402 Latine,
616 3343 773 3393 nominatur
790 3357 856 3393 vero
875 3341 910 3392 ab
929 3356 962 3392 eo
984 3348 1032 3392 oet.
1054 3344 1152 3394 Ichana

179 3409 275 3468 partim
291 3411 425 3459 secundum
442 3409 628 3460 Medmaanum
696 3423 813 3459 cautuae
831 3411 856 3458 D
924 3409 966 3458 21.
982 3416 1045 3474 post
1066 3415 1110 3461 est
1126 3414 1151 3460 in

186 3472 214 3519 V
227 3480 377 3536 repetuntur
394 3492 430 3526 eac
447 3492 483 3528 os.
496 3479 528 3527 19
539 3492 573 3526 ao.
592 3476 687 3526 modus
705 3477 864 3528 vocibus-
878 3480 986 3542 tempus
1005 3483 1051 3528 est
