2416 3944
366 219 478 270 BDLLI
495 219 647 272 TROIANI
665 222 736 274 LIB.
756 223 805 276 111.
1027 223 1068 287 59

103 367 224 432 nostris
239 389 328 432 more
344 367 439 432 solito
463 368 637 435 inruerent.
674 371 719 433 Ita
734 393 792 454 per
808 369 1067 437 distributionem

102 453 211 516 offioia
232 475 291 516 sua
313 453 447 536 quisque
469 457 677 536 procurantes
705 455 774 540 igni
796 457 935 538 plurimo
963 458 998 521 in
1020 481 1067 521 ar-

101 537 164 600 mis
191 540 393 620 pernoctant.
444 543 478 601 at
505 538 584 600 lueis
605 539 772 623 ‘prinoipio
799 540 920 624 placet,
953 543 1000 605 uti
1029 565 1067 606 ex

101 621 192 686 omni
214 621 331 685 dueum
352 643 486 687 numero
510 623 652 706 quinque
681 623 716 686 in
738 629 880 689 montem
903 625 993 689 Idam
1015 649 1067 690 ra-

101 706 216 770 derent
244 707 357 770 silvam
390 727 531 788 caesum,
567 729 630 792 qua
656 708 824 774 Patroclus
857 715 1093 774 cremareturta

101 791 268 854 decretum
297 794 415 874 quippe
444 791 484 854 ab
507 792 655 856 omnibus
683 806 772 875 eran·
794 794 892 858 funus
921 795 988 858 eius
1011 818 1068 879 pu-

101 875 188 938 blioe
216 875 264 938 uti
292 869 480 940 ou1·aretur.'
521 877 586 940 iere
620 877 720 961 igitur
748 876 910 942 Ialmenus
938 880 1068 944 Ascala-
1152 906 1158 920 ·

124 960 187 1024 hus
220 959 320 1042 Epios
355 962 386 1024 et
421 983 494 1024 eum
516 960 661 1025 Marione
683 962 767 1026 Aiax
795 963 884 1028 alter.
930 985 1068 1048 moxque
1129 957 1137 968 ⁸

135 1044 215 1106 h'xes
238 1049 270 1109 et
291 1043 462 1109 Diomedes
484 1045 579 1109 busto
601 1046 708 1110 Iocum
736 1046 946 1113 dimetiuntur
976 1049 1068 1132 quin-

100 1151 165 1212 que
193 1129 357 1192 hastarum
386 1129 590 1214 longitudine
617 1130 815 1215 totidemque
844 1133 879 1196 in
908 1137 1067 1197 transver-
1081 1155 1106 1194 ro

100 1235 182 1278 sum.
240 1213 372 1278 advecta
399 1214 474 1278 dein
506 1215 588 1300 ligni
622 1216 715 1298 copia
747 1216 877 1281 bustum
911 1218 1069 1281 extruitur

102 1298 355 1381 impositumque
383 1298 518 1382 desuper
547 1298 682 1363 cadaver
709 1301 778 1386 igni
808 1301 974 1384 supposito
1004 1323 1069 1365 ore·

100 1386 194 1446 mant
216 1387 405 1447 exornatum
433 1385 499 1447 iam
521 1382 634 1447 decore
664 1386 752 1447 omni
773 1386 932 1467 pretiosae
955 1386 1067 1449 vestis:

101 1467 137 1530 id
170 1489 309 1550 namque
341 1467 559 1551 Hippodamia
591 1471 624 1532 et
655 1467 832 1532 Diomedes
868 1475 1066 1553 curaverant,

100 1573 238 1634 quarum
267 1551 443 1616 Diomedes
470 1553 607 1616 nimium
635 1552 745 1616 iuveni
774 1558 806 1617 et
833 1555 921 1618 omni
951 1554 1066 1619 affeetu
1082 1575 1106 1618 15

102 1635 221 1699 dilecta
241 1636 356 1700 fuerat.

187 1720 276 1784 XIII.
322 1720 471 1786 Ceterum
498 1722 608 1804 paucis
635 1726 710 1804 post
738 1721 848 1786 diebus
876 1723 1005 1787 refectis
1029 1745 1067 1786 ex

99 1805 211 1869 labore
234 1806 418 1890 vigiliarum
440 1806 573 1870 duribus
596 1826 670 1868 oum
691 1806 762 1870 luce
791 1807 886 1871 simul
909 1808 1066 1872 exereitus

100 1891 137 1953 in
160 1910 309 1974 eampum
322 1890 497 1973 productus
519 1912 577 1974 per
596 1894 702 1954 totum
717 1890 802 1954 diem
824 1893 859 1954 in
879 1892 976 1955 armis
998 1893 1066 1976 agit

100 1975 249 2058 operiens
279 1975 488 2039 barbarorum
516 1974 697 2038 adventum.
747 1975 802 2058 qui
829 1976 929 2038 muris
959 1975 1066 2059 despe-
1081 2001 1106 2037 n

101 2062 227 2123 etentes
248 2065 420 2143 postquam
441 2062 569 2123 nostros
591 2063 720 2142 paratos
743 2059 863 2140 proelio
886 2059 1005 2140 vident,
1029 2081 1067 2124 eo

102 2143 155 2206 die
179 2151 339 2208 certamen
368 2143 529 2208 distulere.
580 2143 626 2206 ita
648 2164 763 2208 occasu
791 2143 869 2206 solis
893 2143 1006 2208 Graeci
1029 2145 1069 2208 ad

100 2249 201 2291 naves
230 2229 376 2312 regressi.
427 2231 461 2292 at
488 2228 542 2291 rix
569 2227 730 2310 principio
759 2226 822 2291 diei
844 2227 978 2293 Troiani
1005 2229 1067 2292 rati

100 2312 200 2376 etiam
215 2335 302 2376 nuno
324 2312 555 2395 incompositos
572 2311 722 2394 Graecos,
745 2313 860 2376 armati
877 2313 979 2396 portis
996 2335 1068 2377 evo-

101 2397 174 2460 lant
195 2400 314 2461 temere
330 2402 362 2461 et
383 2418 456 2460 oum
478 2397 619 2479 audacia,
642 2397 690 2460 uti
704 2401 800 2460 antea
821 2397 923 2461 soliti:
946 2398 1067 2462 instari·
1081 2419 1106 2458 ss

101 2485 216 2564 tesque
239 2482 324 2546 eirea
338 2482 457 2550 vallum
480 2477 626 2545 certatim
648 2481 713 2545 tela
734 2481 856 2546 iaciunt
871 2483 982 2546 erebra
1003 2503 1068 2546 ma-

102 2566 155 2650 gis
177 2587 274 2648 quam
298 2589 370 2630 eum
392 2565 506 2631 effectu
539 2565 657 2630 nostris
685 2565 725 2628 ad
748 2565 914 2630 evitandos
940 2570 1068 2630 tantum

100 2651 186 2714 iotus
215 2651 410 2734 compositis.
453 2652 466 2713 i
489 2651 555 2714 itur
582 2650 639 2713 ubi
666 2648 706 2713 ad
728 2651 865 2714 multum
893 2651 977 2714 diem
998 2651 1068 2714 bar-

102 2735 174 2799 bari
195 2735 314 2799 intenti
336 2735 448 2799 iaculis
466 2671 546 2798 Iessi
573 2735 638 2798 iam
659 2756 763 2818 neque
791 2735 838 2798 ita
861 2735 1068 2799 vehementes

100 2818 378 2903 animadvertunt,
407 2841 446 2884 ex
475 2824 567 2903 parte
588 2841 654 2882 une.
683 2819 787 2882 nostri
809 2823 995 2902 erumpunt,
1019 2819 1066 2881 in·
1081 2839 1106 2878 eo
1172 2810 1175 2816 ’

102 2907 332 2988 cursantesque
369 2905 534 2968 sinistrum
572 2904 656 2967 latus
695 2903 837 2966 fundunt
872 2902 1067 2988 fugantque:

101 3010 209 3085 neque
231 2989 333 3053 multo
356 2992 431 3086 post
452 3011 491 3053 ex
512 2989 576 3053 alio
600 2987 814 3085 adnuentibus
837 2987 902 3051 iam
924 2988 1068 3052 barbaris

101 3095 140 3136 ac
162 3072 532 3242 SIIIIIiHaIiisfffircliiiiiiri
554 3093 781 3239 iiidiiorum
810 3157 865 3220 ubi
887 3161 979 3242 terga
999 3177 1069 3220 ver-

172 3366 187 3420 b
206 3377 259 3426 quo
272 3365 298 3412 P
347 3365 380 3412 25
395 3363 510 3412 audatia
525 3363 571 3413 (ΞΒ
587 3361 592 3426 l
607 3365 687 3412 malim
707 3367 786 3412 erant
805 3361 881 3411 soliti
933 3363 965 3411 ‘II
980 3367 1068 3412 tonto⁸

99 3431 170 3480 ictu⁸
191 3430 213 3481 G
231 3436 324 3482 tantos
343 3433 416 3480 ictus
428 3431 453 3480 B
472 3431 619 3481 nostrumP
683 3434 715 3480 30
735 3430 839 3478 animos
857 3434 969 3478 uertunt
986 3429 1070 3493 Wop-

100 3499 203 3549 remon
239 3499 633 3548 animadue1·tuntur1)aceria
706 3501 738 3548 32
759 3498 944 3547 annuentibus
963 3495 987 3544 B
1022 3497 1071 3544 ab·

104 3567 255 3616 ruentibus
275 3569 299 3616 P
333 3566 498 3617 abeuntibus
516 3566 675 3619 Perr’zoniue.
