2460 3940
353 183 465 236 naam
482 183 634 237 rnorem
651 185 721 238 nm.
739 185 786 239 vn
996 185 1055 250 111

175 322 265 399 XJIl.
310 333 443 398 Interim
467 332 595 400 Orestes
623 335 797 400 adveniens
818 357 886 400 rem
908 339 1057 402 cunctam

90 419 269 501 cognoscit,
290 417 440 484 hortatur
455 418 648 504 Menelaum,
671 424 708 485 ut
729 421 857 505 incepta
878 425 1056 505 perageret,

89 505 162 589 ipse
183 502 296 568 dolens
317 507 522 587 praereptum
543 504 605 568 sibi
632 525 652 568 a
672 503 888 589 Neoptolemo
910 504 1057 570 Hermio-

89 611 152 654 nae
173 588 415 652 matrimonium
436 588 568 653 insidias
589 589 773 655 advenienti
818 611 908 654 arare
930 590 1055 674 occipit.

90 675 200 758 itaque
227 673 331 756 primo
366 693 405 736 ex
438 673 504 757 his,
539 695 619 757 quos
654 695 762 739 secum
794 611 935 739 habebat
961 693 1085 758 quams

89 757 272 840 fidissimos,
295 756 495 841 speculatum
523 759 561 822 de
590 759 729 824 adventu
754 757 962 843 Neoptolemi
983 759 1058 824 Del-

90 843 175 928 phos
196 842 307 906 mittit.
351 843 423 926 quis
445 842 585 928 cognitis
599 843 766 908 Menelaus
788 845 889 909 vitare
912 844 1055 909 huiusce·

89 927 179 994 modi
207 927 334 992 facinus
364 927 497 1011 cupiens
525 926 674 1011 Spartam
708 929 863 996 concedit.
916 928 972 993 scd
998 929 1056 1011 illi,

91 1014 147 1097 qui
169 1011 338 1096 praemissi
360 1015 468 1097 erant,
489 1013 627 1098 regressi
648 1011 899 1097 Neoptolemum
920 1013 1057 1098 Delphis

92 1119 160 1164 esse
182 1101 314 1182 negant.
359 1118 462 1180 quere·
484 1101 613 1162 coactus
636 1096 766 1163 Orestes
793 1099 862 1183 ipse
890 1098 932 1163 ad
952 1098 1056 1183 inqui·
1071 1120 1097 1158 ιο
1140 1167 1142 1171 ,

92 1183 244 1248 sitionem
265 1182 328 1246 viri
349 1181 513 1266 profectus
541 1182 604 1248 alio
628 1204 725 1266 quam
751 1183 835 1247 ierat
855 1182 905 1247 die
927 1189 1058 1266 remeat,
1134 1256 1135 1260 Ἰ

91 1271 130 1332 ut
151 1287 255 1332 sermo
270 1266 440 1332 hominum
455 1266 627 1350 ferebatur,
648 1267 781 1352 negotio
795 1267 949 1350 perfecto.
983 1266 1058 1331 dein

91 1357 168 1436 post
188 1372 307 1434 paucos
330 1350 397 1416 dies
419 1351 507 1416 famo
527 1351 688 1435 perfertur
715 1352 864 1417 interisse
884 1351 1058 1434 Neoptole-

91 1458 195 1501 mum:
219 1457 355 1520 cumque
377 1456 524 1501 sermone
547 1436 692 1500 omnium
707 1437 960 1502 circumventum
982 1436 1058 1501 insi-

92 1521 154 1584 diis
177 1519 299 1584 Orestis
320 1541 379 1604 per
399 1520 555 1604 populum
571 1520 808 1586 disseminetur.
852 1521 899 1585 ite
920 1521 1096 1603 inveniere

91 1605 149 1671 ubi
177 1605 216 1669 de
237 1603 363 1689 Pyrrho
392 1605 500 1688 palam
527 1609 590 1686 est,
612 1609 741 1690 recepta
761 1604 953 1688 Hermione,
976 1627 1058 1689 quae
1102 1619 1103 1622 ’

92 1689 155 1756 sibi
176 1693 272 1754 antea
293 1689 452 1774 desponsa
474 1693 551 1773 erat,
567 1689 719 1774 Mycenas
742 1689 883 1755 discedit.
928 1690 1058 1754 interim

91 1774 208 1839 Peleus
231 1795 303 1838 oum
325 1773 461 1839 Thetide
483 1775 614 1860 cognito
636 1775 765 1859 nepotis
793 1775 927 1840 interitu
949 1773 989 1838 ad
1010 1775 1058 1837 in-

91 1859 173 1924 vesti
198 1858 340 1923 ationem
381 1859 450 1924 eius
486 1859 624 1942 profecti
666 1863 867 1944 cognoscunt
908 1860 1057 1923 invenem

92 1881 230 2027 Delphis
258 1943 429 2027 sepultum.
474 1944 534 2027 ihi,
565 1952 601 2008 ut
628 1965 698 2008 mos
720 1946 804 2026 erat,
833 1944 918 2008 iusta
939 1942 1058 2026 persol-
1072 1963 1097 2004 eo

93 2033 176 2093 vunt
199 2031 463 2112 cognoscantque
485 2029 520 2092 in
537 2029 588 2092 his
610 2028 691 2093 locis
712 2028 870 2109 interisse,
893 2027 949 2091 ubi
971 2028 1058 2091 visus

95 2112 226 2178 Orestes
247 2113 436 2198 negabatur.
486 2135 525 2178 ea
550 2135 601 2178 res
627 2134 686 2196 per
706 2112 864 2196 populum
885 2112 972 2176 haud
994 2132 1058 2175 ore·

93 2197 176 2279 dita,
207 2197 286 2263 adeo
307 2202 514 2281 praesumpta
541 2202 615 2264 onte
642 2197 707 2262 iam
736 2197 846 2280 opinio
875 2196 914 2260 de
937 2195 1058 2261 Orestis

92 2282 218 2347 insidiis
241 2285 429 2348 cunctorum
451 2283 566 2347 animis
588 2281 779 2347 inhaeserat.
818 2285 958 2346 ceterum
977 2280 1059 2345 The·

91 2367 135 2432 tis
162 2367 221 2432 ubi
245 2365 458 2432 Hermionam
487 2366 593 2432 Oresti
625 2367 769 2432 iunctam
797 2367 899 2450 videt,
932 2365 1058 2430 Andro·
1071 2383 1097 2424 25

92 2451 241 2516 mechom
268 2455 364 2534 partu
398 2450 561 2536 gravidam
592 2473 631 2516 ex
656 2450 871 2536 Neoptolemo
900 2450 1059 2515 Molossos

92 2536 195 2600 mittit
233 2535 342 2600 dolum
377 2535 499 2602 Orestis
533 2536 664 2620 eiusque
697 2536 845 2620 coniugis
878 2535 916 2600 de
949 2535 1060 2600 interi·

92 2620 211 2685 mendo
233 2619 302 2685 fetu
324 2621 458 2686 evitans.

180 2703 269 2770 XIV.
305 2704 472 2770 Paridem
494 2709 621 2790 tempus
643 2703 757 2770 Ulixes
781 2704 913 2770 territus
940 2704 1060 2769 crebris

93 2789 239 2874 auguriis
260 2790 457 2874 somniisque
480 2789 620 2856 adversis
648 2811 759 2855 omnes
785 2789 928 2872 undique
954 2788 1058 2872 regio-
1071 2807 1098 2848 eo

92 2875 146 2938 nis
168 2875 237 2938 eius
259 2873 493 2959 interpretandi
514 2875 640 2942 somnia
660 2874 872 2958 peritissimos
895 2871 1058 2936 conducit:

93 2959 210 3043 hisque
231 2959 332 3024 refert
360 2960 445 3025 inter
472 2965 577 3025 cetera
598 2960 703 3024 visum
732 2957 794 3022 sihi
816 2957 942 3040 saepius
964 2957 1060 3023 simu-

94 3044 217 3108 lacrum
240 3044 401 3128 quoddam
422 3044 508 3108 inter
521 3045 696 3109 humanum
711 3042 919 3126 divinumque
934 3043 1060 3107 vultum

92 3129 217 3195 formae
251 3128 479 3212 perlaudabilis
512 3151 550 3194 ex
584 3127 695 3194 eodem
728 3128 800 3193 loeo
833 3130 964 3212 repente
993 3125 1059 3190 edi:

94 3213 181 3296 quod
203 3213 375 3297 complecti
397 3236 521 3279 summo
550 3212 706 3278 desiderio
736 3213 877 3296 cupienti
899 3211 961 3276 sihi
987 3225 1099 3294 por-tt

162 3471 347 3522 22reGrss
365 3470 390 3520 B
420 3493 422 3498 v
458 3473 491 3521 23
510 3470 638 3521 oresteG
655 3470 755 3521 orestis
773 3469 798 3520 Β
867 3471 899 3520 27
917 3468 1061 3519 orestoeG

92 3536 203 3588 Orestis
220 3539 246 3586 P
319 3541 352 3590 30
370 3539 493 3605 auguriis
511 3553 557 3589 om.
579 3537 693 3588 Gtotet
710 3537 744 3587 B.
