2416 3944
246 249 250 253 ·
347 225 460 277 BELLI
478 224 630 276 TROIANI
648 225 717 279 LIB.
738 229 774 279 ΙΙ.
1004 225 1045 290 39

75 375 177 522 igitqr
198 373 330 438 reducto
346 373 488 438 exercitu
504 394 638 458 corpora
661 396 792 440 suorum
815 379 954 441 cremata
975 376 1046 462 igni

77 481 92 523 s
134 463 246 524 eiunt.
544 503 546 506 ψ
861 479 863 484 ·

94 479 132 543 ep
160 541 314 607 XXXIII.
358 540 436 618 Quis
464 541 614 626 perfectis
644 541 759 609 Graeci
787 547 935 609 statuunt
961 546 1047 610 inter

76 649 109 693 se
132 627 309 710 Achillem,
344 627 434 691 cuius
462 627 498 690 in
528 627 667 694 adversis
697 627 893 693 Graecorum
922 629 1046 694 casibus

74 711 258 777 sollicitudo
286 711 459 795 praecipua
485 710 670 795 videbatur,
699 735 768 777 rem
797 714 941 778 omnium
970 730 1071 778 oon-⁵

76 798 217 860 firmare.
260 796 315 860 sed
337 797 563 882 Agamemnon
586 799 697 862 anxius
704 849 713 882 ,
739 819 781 862 ne
804 798 898 862 decus
920 800 1046 884 regium

73 881 253 964 amitteret,
275 881 311 944 in
331 879 467 945 concilio
483 880 581 945 verba
595 881 688 946 facit:
715 882 776 946 sibi
798 883 935 947 maxime
958 882 1047 947 cordi

72 987 146 1063 esse
167 965 323 1030 exercitus
345 964 599 1063 incolomitatem
621 988 726 1050 neque
746 966 881 1032 ulterius
905 966 1043 1049 differre,

2 1097 3 1154 ³
71 1052 1085 1221 aralunae{antelucanaaa10

73 1219 250 1302 quicquam
267 1217 430 1301 deprecari
452 1219 599 1302 amplius,
622 1221 651 1284 si
673 1220 768 1285 modo
790 1221 826 1284 in
848 1221 954 1284 locum
978 1221 1045 1284 eius

70 1302 342 1386 Hippodamiam,
367 1323 448 1386 quae
478 1324 551 1367 cum
572 1303 700 1368 Achille
724 1303 867 1390 degeret,
890 1305 1046 1368 vicarium

72 1409 194 1451 munus
209 1387 318 1451 amissi
332 1387 467 1451 honoris
482 1388 649 1471 acciperet.
680 1409 760 1471 quae
780 1409 831 1452 res
852 1410 1046 1472 quamquam
1153 1415 1158 1424 ·

71 1475 169 1536 atrox
192 1471 341 1535 omnibus
369 1475 402 1536 et
428 1471 564 1556 indigna
591 1472 757 1536 videbatur
764 1523 772 1556 ,
803 1476 913 1537 tamen
934 1473 1046 1538 conhi-
1090 1481 1092 1484 ’

72 1560 172 1620 vente
204 1555 348 1638 Achille,
381 1555 471 1620 cuius
503 1555 536 1620 id
567 1557 747 1640 praemium
777 1579 836 1640 pro
869 1557 979 1622 multis
1014 1562 1046 1622 et
1060 1575 1085 1616 15

73 1640 216 1726 egregiis
238 1639 436 1704 facinoribus
458 1639 579 1724 fuerat,
603 1641 751 1706 effectum
773 1642 895 1706 habuit.
935 1645 1045 1706 tantus

71 1745 166 1789 amor
188 1743 265 1809 erga
286 1724 462 1789 exercitum
483 1746 622 1809 curaque
644 1731 678 1790 in
693 1726 801 1790 animo
825 1727 947 1811 egregii
969 1726 1046 1790 adu·

73 1809 227 1874 lescentis
249 1809 419 1892 insederat.
457 1809 557 1895 igitur
573 1809 707 1890 adversa
729 1814 918 1876 cunctorum
932 1809 1045 1876 volun-

69 1898 142 1958 tate
170 1913 276 1977 neque
302 1897 412 1958 temen
440 1914 603 1977 quoquam
630 1893 737 1978 palam
764 1898 931 1958 recusante
959 1897 1045 1980 Aga·

69 1999 244 2059 memnon,
265 1981 432 2060 tamquam
454 1979 495 2042 ab
510 1979 659 2042 omnibus
682 1999 832 2042 concessa
853 2000 903 2042 res
925 1978 1046 2043 videre·
1059 1997 1084 2040 20

68 2067 135 2146 tur,
159 2061 328 2126 lictoribus
350 2065 387 2125 ut
401 2061 618 2146 Hippodamia
633 2062 871 2126 abstraheretur
892 2062 1050 2145 imperat:

70 2148 174 2230 hique
207 2147 299 2211 breui
338 2146 425 2210 iussa
464 2147 617 2210 efficiunt.
676 2145 807 2210 interim
826 2147 1046 2229 Astynomen

68 2231 191 2296 Graeci
230 2252 288 2314 per
319 2228 499 2295 Diomeden
537 2233 632 2315 atque
663 2229 782 2294 Ulixen
819 2251 892 2294 cum
928 2251 1046 2316 magna

67 2317 168 2400 copia
196 2315 397 2378 victimarum
426 2313 466 2378 ad
499 2314 612 2379 fanum
639 2313 802 2398 Apollinis
830 2316 1044 2380 transmisere.

68 2401 150 2464 dein
171 2398 315 2484 perfecto
339 2399 494 2463 sacrificio
509 2399 666 2482 paulatim
687 2399 736 2462 vis
751 2400 828 2464 mali
849 2399 945 2463 leniri
966 2401 1045 2482 visa,
1059 2419 1084 2460 25

68 2505 180 2568 neque
214 2483 352 2568 amplius
385 2482 577 2567 adtemptari
610 2505 746 2568 corpora
780 2487 813 2548 et
846 2504 957 2548 eorum
990 2485 1046 2566 qui

68 2573 171 2634 antea
199 2567 420 2652 fatigabantur
452 2571 617 2652 tamquam
638 2570 764 2652 sperato
786 2568 939 2633 divinitus
961 2568 1045 2633 leva-

67 2654 161 2718 mine
191 2653 338 2716 relaxari.
389 2653 435 2717 ita
461 2652 552 2716 brevi
579 2673 637 2736 per
662 2653 848 2717 universum
871 2653 1045 2717 exercitum

68 2738 247 2802 salubritas
274 2738 432 2821 rigorque
460 2736 574 2801 solitus
601 2741 773 2801 renovatus
802 2741 857 2802 est.
905 2738 1046 2801 mittitur

66 2824 172 2888 etiam
194 2821 394 2886 Philoctetae
423 2820 463 2884 ad
484 2820 643 2885 Lemnum
664 2822 769 2905 portio
799 2820 935 2904 praedae
966 2822 1044 2902 eius,
1058 2839 1083 2879 eo

67 2929 171 2991 quam
195 2906 311 2970 Graeci
337 2927 395 2989 per
423 2905 547 2969 Aiacen
575 2910 671 2988 atque
699 2905 851 2970 Achillen
879 2904 1045 2970 advectam

67 2993 159 3056 inter
181 3011 215 3054 se
237 2990 360 3055 viritim
382 2990 622 3055 distribuerant.

159 3073 311 3139 XXXIV.
338 3073 488 3139 Ceterum
503 3073 646 3138 Achilles
658 3095 782 3138 memor
796 3073 933 3138 iniuriae
948 3095 1045 3157 supra

66 3161 177 3224 dictae
201 3158 429 3223 abstinendum
451 3159 581 3242 publico
605 3158 740 3224 consilio
764 3158 948 3223 decreverat
970 3157 1043 3222 odio

66 3244 212 3309 maxime
227 3243 483 3329 Agamemnonis
498 3243 682 3326 abolitoque
700 3264 818 3326 amore,
842 3262 936 3326 quem
960 3241 1045 3306 cirea
1057 3259 1084 3300 ee

66 3329 215 3394 Graecos
237 3327 405 3412 habuerat,
428 3328 549 3393 scilicet
564 3328 651 3410 quod
674 3349 784 3394 eorum
799 3327 956 3411 patientia
970 3331 1046 3410 post

65 3451 279 3463 ....--—--

139 3501 158 3550 5
176 3515 268 3566 regem
288 3499 341 3550 PV
393 3499 425 3548 14
437 3499 604 3550 conhiuente
620 3497 657 3550 6²
675 3501 701 3548 in
718 3513 781 3554 roe..
795 3514 841 3548 om.
856 3497 882 3546 B
893 3499 941 3548 ced
952 3500 1044 3547 lacuna

63 3571 99 3620 33
118 3566 241 3620 iniuriae
252 3581 388 3617 *amore
408 3567 437 3618 G.
456 3568 483 3616 in
500 3583 580 3630 marg.
649 3567 682 3616 36
700 3565 842 3630 pacientia
861 3563 891 3614 θ.
