2416 3944
178 206 220 272 28
489 205 622 258 DICTYS
641 203 840 256 CRETENSIS

178 357 265 443 quod
286 358 424 422 amioum
446 355 594 420 Troianis
616 352 793 437 videretur,
821 375 888 418 non
901 376 1064 424 „eversum
1093 366 1143 419 aut

178 446 341 507 vastatum
373 441 523 524 relinqui.
579 438 651 522 quis
683 439 823 523 cogniiis
863 439 992 503 finitimi
1031 441 1140 524 populi

178 528 264 592 ultro
286 527 326 591 ad
348 547 421 625 eum
444 546 516 590 oum
537 544 618 608 pace
638 543 802 621 aoourrere
824 544 861 587 aa
882 546 923 588 ne
943 529 1142 621 rasiarenhur

152 609 598 780 ildzofflilllluilluhi
613 611 701 756 {hl
722 606 1141 758 lrhllhplihshl

178 780 357 866 regreditur
370 799 519 864 magnam
537 778 602 841 vim
618 777 740 861 gloriae
756 781 852 860 alque
873 777 1011 861 praedae
1028 779 1138 862 adpor-

177 870 259 930 tans.
310 865 422 930 eodem
448 867 593 946 iempore
627 883 682 925 rex
712 860 904 945 Soylharum
932 863 1064 947 cognito
1093 862 1141 926 ad-

178 953 277 1014 ventu
298 953 482 1014 nostrorum
504 968 576 1012 aum
598 945 709 1010 mullis
731 946 824 1011 donis
846 945 1049 1012 adventabat.

263 1032 369 1097 XVII.
406 1032 555 1097 Celerum
570 1030 714 1095 Achilles
729 1030 815 1094 haud
837 1033 1008 1095 contentus
1025 1053 1140 1110 eorum,

140 1139 165 1180 ιο
179 1137 261 1200 quae
283 1119 439 1204 gesserat,
463 1114 580 1181 Cilicas
683 1115 802 1198 editur,
830 1114 939 1199 ibique
967 1114 1141 1199 Lyrnesum

178 1202 288 1282 paucis
332 1201 442 1266 diebus
484 1221 659 1286 pugnano
704 1199 798 1282 oepit.
856 1197 1027 1265 interfeoio
1071 1200 1140 1262 dein

178 1286 329 1370 Ratione,
359 1286 414 1370 qui
442 1285 493 1350 his
521 1285 601 1348 loeis
629 1283 851 1367 impediebat,
874 1285 1001 1370 magnis
1033 1285 1144 1368 opibus

178 1393 276 1436 naves
309 1371 426 1455 replet,
460 1370 621 1434 abducens
653 1370 855 1452 Astynomen
895 1369 1010 1452 Chrysi
1044 1369 1139 1432 filiam

200 1477 259 1519 uae
287 1476 325 1519 eo
352 1459 498 1538 tempore
525 1454 594 1538 regi
625 1454 767 1535 denupla
792 1457 869 1517 erat.
913 1475 1050 1538 propere
1071 1452 1142 1517 inde

140 1561 165 1601 15
178 1477 336 1604 ledasum
366 1559 549 1622 expugnare
578 1539 718 1620 occepit,
752 1541 898 1615 Leleyum
926 1539 1053 1620 urbam,
1091 1536 1140 1601 sed

179 1643 289 1688 eorum
321 1643 378 1686 rex
412 1622 519 1686 Brises
551 1622 606 1685 ubi
641 1621 868 1686 animadvertit
900 1621 935 1686 in
968 1621 1139 1686 obsidendo

178 1707 301 1771 saevire
322 1711 466 1791 noslros,
489 1709 576 1770 ratus
598 1706 688 1770 nulla
711 1707 743 1770 vi
764 1706 928 1790 prohiberi
958 1706 1069 1771 hostes
1090 1709 1140 1768 aut

179 1812 253 1856 suos
281 1791 358 1855 salis
386 1790 514 1855 defendi
541 1812 635 1874 posse
642 1841 651 1874 ,
679 1789 901 1875 desperatione
929 1791 1041 1876 effugii
1063 1791 1140 1856 salu·

176 1876 282 1959 iisque
316 1875 447 1940 attentis
480 1875 593 1940 celeris
620 1875 789 1938 adversum
813 1875 924 1939 hosles
946 1876 1077 1940 domum
1098 1895 1140 1937 re-

139 1979 306 2110 luuh?
319 1959 614 2129 usfullei·
637 1959 916 2108 mlflhhhlz
945 1963 1142 2110 {subdol

177 2131 245 2195 filia
266 2151 300 2193 re
327 2130 352 2193 's
374 2128 440 2212 Hip
465 2129 600 2194 odornia.

262 2213 383 2276 XIII.
439 2152 502 2276 Ber
533 2213 617 2277 idom
656 2216 783 2296 tempus
820 2214 903 2276 Aiax
939 2211 1141 2276 Telamonius

177 2296 339 2360 Thracum
361 2295 596 2362 Cherronesum
627 2298 716 2362 omni
738 2297 834 2362 modo
862 2297 1047 2362 infestabat.
1091 2294 1140 2360 sed

139 2399 164 2442 25
177 2381 233 2446 ubi
256 2402 366 2446 eorum
394 2401 450 2444 rex
477 2380 538 2446 Pol
593 2385 680 2446 esior
707 2383 860 2446 vitiatam
889 2384 985 2464 atque
1008 2382 1139 2468 glorian

176 2466 239 2530 viri
261 2465 428 2551 cognovit,
458 2465 526 2529 diffi
548 2487 605 2530 ens
626 2466 721 2530 rebus
750 2467 815 2530 suis
837 2466 1034 2531 deditionem
1058 2486 1139 2531 ocoe-

176 2551 240 2634 pil:
278 2555 419 2633 luneque
451 2549 630 2634 Polydorus
663 2550 786 2614 Priami
818 2551 903 2614 filius
909 2600 918 2635 ,
957 2571 1055 2634 quem
1089 2571 1139 2614 rex

177 2655 288 2700 reeens
309 2637 421 2698 natum
450 2634 533 2699 olam
561 2635 665 2699 omnis
688 2634 837 2699 alendum
860 2637 890 2699 ei
911 2635 1138 2715 transmiserat,

176 2740 297 2783 meroes
319 2719 407 2802 pacis
434 2719 475 2784 ab
504 2740 541 2784 ao
568 2719 714 2784 irraditur.
750 2741 872 2804 aurum
896 2719 993 2784 etiam
1019 2719 1140 2803 aliaque

139 2821 165 2862 ³0
178 2805 264 2870 dona
285 2804 506 2868 huiuscemodi
528 2805 567 2868 ad
590 2804 826 2868 conciliandum
854 2803 994 2869 hostium
1021 2805 1140 2868 animos

244 2972 346 3028 XVIIL
365 2975 461 3026 Malal.
483 2977 531 3026 128
550 2975 618 3026 med.
639 2977 687 3026 129
706 2975 820 3026 Cedren.
841 2975 863 3024 P
882 2977 939 3025 126.
960 2977 1017 3026 127.

246 3145 277 3193 10
295 3142 433 3206 lyrnesnm
454 3141 502 3192 613
554 3145 586 3191 12
606 3145 732 3194 eaetione
753 3143 800 3194 ΕΒ
818 3144 916 3208 quibus
935 3143 1047 3195 loaisa
1112 3143 1139 3190 13

176 3211 393 3276 astymonemG
433 3211 588 3260 astinomen
611 3209 636 3258 B
711 3214 743 3262 14
765 3211 930 3277 propera&
1003 3211 1138 3276 151ege0·

174 3293 233 3328 rum
252 3278 300 3328 GB
334 3278 466 3344 Lelegum
489 3279 624 3328 Mercerus
646 3295 660 3328 e
682 3281 829 3330 coniectura
850 3282 964 3344 scripsit.
1028 3281 1060 3329 16
1077 3279 1138 3328 hris-

176 3359 220 3396 ses
240 3345 288 3395 GB
358 3349 389 3397 18
408 3345 640 3410 desperacioniG
713 3349 746 3396 24
764 3346 975 3398 cherronessum
994 3345 1042 3396 GB
1108 3344 1138 3393 25

175 3411 378 3476 polimentorG
447 3415 480 3462 26
498 3411 713 3464 dedicionemd
781 3415 815 3465 28
838 3413 910 3465 elam
933 3430 979 3466 om.
1001 3413 1049 3464 GB
1072 3413 1138 3464 addit

175 3479 231 3529 PV
241 3479 247 3540 1
262 3478 379 3528 hominis
404 3479 451 3528 ΘΒ
490 3493 583 3529 omnes
608 3481 659 3530 PV
697 3495 791 3532 omnes
812 3481 937 3532 homines
960 3483 1017 3532 cod.
1042 3478 1139 3530 Heinsii

174 3547 209 3596 30
227 3545 362 3594 Meroerus
380 3547 488 3594 coniecit
506 3545 722 3608 cuiusquemodi.
