2414 3946
315 219 362 265 nn
385 220 448 265 nm
470 219 602 267 narum
625 219 699 267 cae.
718 220 804 268 xvn.
997 204 1037 269 31

67 365 157 435 partu
179 364 208 418 et
229 365 325 418 morte
348 358 510 419 delinitum.
547 377 640 436 quare
655 360 705 438 qui
727 377 820 420 annos
834 361 954 438 triginta
975 377 1038 420 sae-

67 440 168 502 culum
185 449 327 521 putarunt
342 443 468 503 multum
483 444 618 504 videntur
640 461 764 504 errasse.
797 443 854 504 hoc
870 445 948 505 enim
965 452 1038 504 tem·

66 544 125 606 pus
141 544 256 603 genean
271 529 372 587 vocari
387 527 554 589 Heraclitus
569 534 672 589 auctor
688 535 740 600 est,
757 531 823 606 quia
839 529 920 589 orbis
935 530 1038 590 aetatis

65 614 98 671 in
116 629 151 670 eo
168 611 205 670 sit
220 611 323 688 spatio.
361 611 466 671 orbem
482 619 580 672 autem
595 621 680 672 vocat
701 615 817 688 aetatiS,
846 613 917 674 dum
933 619 1038 694 natura

30 705 46 752 5
67 694 105 756 ab
122 696 249 756 sementi
263 695 391 756 bumana
414 697 450 755 ad
466 697 622 756 sementim
642 697 810 757 revertitur.
847 697 904 757 boc
920 698 1037 776 quidem

67 797 181 858 genens
202 787 321 858 tempus
348 779 396 839 alii
419 779 503 840 aliter
524 781 711 841 definierunt.
758 781 923 842 Herodicus
944 799 1038 843 annos

66 865 201 942 quinque
227 874 257 924 et
283 865 383 941 viginti
410 864 513 924 scribit
539 865 595 924 dici
623 881 752 940 genean,
783 866 883 925 Zenon
908 867 1036 944 triginta.

66 947 220 1010 saeculum
237 955 335 1008 autem
351 951 425 1024 quid
439 950 489 1018 sit,
507 967 601 1028 usque
617 950 713 1010 adbuc
730 947 858 1010 arbitror
874 950 910 1010 ad
927 950 1034 1012 subtile
1054 962 1071 1010 3

67 1034 268 1094 examinatum
292 1051 351 1093 non
374 1051 447 1094 esse.
485 1041 590 1110 poetae
606 1032 724 1112 quidem
741 1033 832 1094 multa
852 1035 1036 1096 incredibilia

14 1126 46 1176 10
66 1120 270 1196 scripserunt,
300 1135 357 1178 nec
372 1119 469 1179 minus
491 1119 623 1178 historici
640 1118 761 1188 Graeci,
794 1121 925 1197 quamvis
947 1137 997 1192 eos
1020 1138 1036 1179 a

66 1220 138 1263 vero
160 1219 215 1280 par
237 1201 371 1262 nonfuit
393 1202 551 1270 decedere;
589 1210 621 1262 ut
641 1203 821 1273 Herodotus,
849 1203 928 1281 apud
949 1222 1036 1282 quem

64 1287 193 1365 legimus
221 1285 444 1364 Arganthonion
474 1287 690 1348 Tartessiorum
726 1305 828 1365 regem
858 1294 977 1348 centum
1009 1295 1038 1348 et

65 1371 280 1450 quinquaginta
296 1388 442 1433 annorum
458 1371 563 1440 fuisse,
580 1379 630 1430 aut
644 1371 795 1448 Ephorus,
813 1373 862 1449 qui
878 1370 968 1432 tradit
982 1374 1036 1432 Ar·

65 1456 157 1516 cadas
179 1456 278 1516 dicere
300 1455 377 1533 apud
393 1475 425 1516 se
440 1473 526 1532 reges
542 1457 678 1534 antiquos
699 1455 810 1534 aliquot
830 1457 866 1516 ad
887 1463 1037 1517 trecentos

14 1549 45 1597 15
65 1542 175 1602 vixisse
203 1557 305 1600 annos
352 1559 454 1602 verum
476 1541 549 1601 baec
577 1547 608 1600 ut
629 1540 761 1600 labulosa
783 1549 953 1618 praetereo:
984 1541 1034 1602 sed
1053 1549 1070 1598 4

63 1629 147 1687 inter
168 1627 249 1703 ipsos
271 1623 450 1702 astrologos,
475 1626 525 1705 qui
545 1626 576 1684 in
591 1623 742 1686 stellarum
759 1627 972 1705 signorumque
988 1645 1034 1686 ra-

64 1711 150 1770 tione
166 1727 268 1770 verum
285 1718 464 1779 scrutantur,
482 1727 669 1789 nequaquam
687 1711 772 1770 etiam
789 1713 935 1771 convenit.
967 1711 1034 1789 Epi-

64 1811 161 1872 genes
182 1794 345 1854 incentum
363 1794 519 1855 duodecim
542 1795 627 1854 annis
642 1793 844 1872 longissimam
860 1797 948 1854 vitam
965 1813 1035 1856 con-

63 1880 175 1948 stituit,
206 1877 334 1938 Berosos
357 1887 456 1941 autem
477 1885 596 1939 centum
617 1879 761 1938 sedecim:
799 1878 1036 1939 aliiadcentum
1085 1879 1090 1888 ’

14 1971 43 2018 au
63 1965 168 2042 viginti
189 1979 281 2023 annos
297 1963 421 2040 produci
435 1980 537 2042 posse,
559 1962 678 2041 quidam
701 1965 786 2023 etiam
803 1963 878 2024 ultra
901 1963 1035 2023 credide-

61 2055 146 2109 runt.
190 2048 311 2108 luerunt
332 2049 382 2126 qui
403 2065 463 2108 non
489 2046 566 2108 idem
588 2054 727 2126 putarent
748 2047 856 2125 ubique
878 2047 1034 2108 observan-

63 2133 152 2200 dum,
175 2132 226 2192 sed
248 2135 328 2192 varie
343 2149 397 2210 per
419 2131 549 2192 diversas
570 2133 721 2210 regiones,
744 2140 847 2209 prout
866 2131 1035 2207 insingulis

63 2220 104 2278 sit
127 2215 202 2277 caeli
224 2217 259 2276 ad
283 2215 426 2278 circulum
447 2217 595 2277 finitorem
617 2216 784 2287 inclinatio,
815 2216 894 2294 quod
915 2222 1035 2277 vocatur

65 2302 164 2363 clima.

14 2393 45 2442 25
133 2385 193 2446 Sed
208 2385 277 2446 licet
291 2387 398 2448 veritas
412 2387 444 2445 in
460 2385 587 2445 obscuro
603 2385 705 2453 lateat,
729 2385 872 2445 tamenin
889 2403 946 2446 una
963 2403 1034 2464 qua·
1053 2393 1070 2442 5

63 2490 124 2552 que
153 2472 268 2532 civitate
295 2489 370 2550 quae
393 2472 453 2532 sint
479 2469 623 2530 naturalia
649 2469 782 2538 saecula,
805 2468 926 2531 rituales
946 2469 1035 2529 Etru·

63 2574 187 2616 ssorum
203 2554 274 2615 libri
288 2556 422 2616 videntur
436 2555 553 2624 docere,
571 2555 601 2614 in
617 2556 681 2634 quis
697 2557 841 2632 scriptum
857 2573 921 2615 esse
940 2553 1034 2614 lertur

62 2642 150 2701 initia
171 2641 213 2700 sie
229 2641 300 2717 poni
315 2639 510 2701 saeculorum.
547 2655 606 2716 quo
622 2640 669 2700 die
684 2639 774 2700 urbes
793 2639 889 2717 adque
905 2640 1035 2700 civitates

63 2726 335 2794 constituerentur,
363 2725 399 2784 de
422 2723 538 2803 bisqui
560 2741 594 2784 eo
616 2725 746 2784 dienati
772 2732 870 2786 essent
897 2741 963 2784 eum
986 2725 1036 2801 qui

62 2878 273 2888 ,..-.-----

134 2965 160 3013 3.
174 2959 276 3023 γενεὰν
289 2964 368 3026 cotye,
382 2965 440 3010 item
450 2961 559 3025 posthoc
571 2961 669 3022 γενεὰ(
683 2968 707 3010 et
719 2956 820 3021 γενεάν
888 2959 913 3012 4.
926 2973 1036 3008 uocans

63 3030 122 3080 DV
134 3045 206 3080 coar.
218 3030 396 3080 hartmannus
464 3031 488 3079 ὃ,
503 3029 538 3078 ab
551 3030 669 3078 sementi
681 3028 805 3090 Halmius,
820 3025 853 3077 ab
867 3039 989 3077 semensa
1000 3027 1036 3090 Ι),

62 3115 112 3152 om,
135 3098 162 3146 V
229 3101 381 3147 sementem
403 3097 429 3146 V
495 3099 520 3147 7.
539 3110 672 3162 carneuna
691 3097 716 3144 D
784 3097 808 3146 8.
829 3095 893 3159 quid
912 3111 957 3144 om.
975 3095 1001 3142 I)

63 3169 88 3217 9.
109 3165 269 3215 exanimati
292 3164 317 3212 V
385 3167 425 3214 10.
445 3164 674 3214 scarssenunrD
745 3160 806 3225 eos]
827 3177 860 3212 eo
878 3163 915 3225 Ι),
940 3177 986 3211 om.
1011 3161 1037 3208 V

64 3236 107 3287 12.
126 3232 352 3296 arganthonnion
374 3231 402 3280 V
466 3239 664 3282 tarcesstonum
685 3230 739 3294 (tar
751 3228 855 3292 ieras.)
874 3230 907 3288 D,
927 3232 1032 3276 tarces-

63 3301 141 3352 siorir
165 3300 193 3349 V
259 3303 299 3353 13.
320 3299 417 3363 quinte
433 3299 464 3362 V,
485 3316 553 3351 corr.
566 3316 597 3350 m.
610 3315 663 3350 rec.
716 3299 803 3348 fuisse
821 3295 989 3360 antephorus
1011 3294 1038 3343 V

64 3367 209 3418 aachabas
227 3369 285 3417 DV
351 3369 391 3417 14.
411 3383 482 3433 apuu
501 3369 526 3417 D
596 3364 712 3431 estquod
729 3366 754 3415 D
823 3364 955 3414 tricentos
977 3362 1005 3411 V

64 3439 106 3490 1⁷.
127 3449 289 3502 eptqenesur
302 3436 334 3492 D,
355 3451 493 3501 epygencs
506 3437 535 3484 in
551 3436 578 3484 V
643 3437 685 3484 20.
704 3445 813 3500 neqeunt
833 3433 855 3480 D
924 3432 966 3484 22.
983 3445 1033 3478 nc·

63 3520 126 3556 ntae
145 3505 172 3554 D
240 3505 282 3556 26.
301 3503 396 3554 secula
418 3504 444 3553 V
510 3505 552 3554 28.
572 3507 654 3566 atque
676 3503 702 3552 V
