2414 3946
362 215 568 274 antemnam
590 216 665 264 cer.
682 216 732 264 111.
992 203 1031 267 st

59 357 178 435 busque
204 355 358 434 antipodes
378 355 454 416 infra
474 354 578 438 sunt]‚
610 356 688 433 quod
716 363 749 417 ut
776 373 863 435 pnsse
889 357 1031 428 videatur,

60 441 196 502 efficiunt
210 440 305 501 flexus
319 439 565 519 obliquitatesque
581 449 739 502 terrarum.
761 439 940 522 [antictones
955 443 1033 508 idem

60 532 91 585 et
105 525 273 587 antistoche
289 530 318 585 et
333 526 481 602 antiscepe
496 523 713 605 nominantur]

126 609 231 688 Incipit
258 609 381 687 signifer
402 626 461 669 non
484 607 520 670 ab
548 615 681 670 extremo
708 608 820 672 circulo
842 629 897 672 nec
923 611 960 672 ad
983 630 1033 672 ax·

27 705 43 753 5
61 703 193 755 tremum
214 693 412 775 pertenditur,
434 693 486 753 sed
509 692 545 753 ab
565 693 667 756 infimo
683 695 799 773 tropico
819 695 940 756 australi
961 695 1033 756 bru·

60 778 193 858 malique
220 777 326 842 eodem
347 796 401 857 per
428 777 673 854 aequinoctialem
700 779 737 840 ad
755 797 904 842 summum
925 779 1033 842 solisti-

61 862 163 924 tialem
193 863 381 941 eundemque
411 861 577 924 aestivalem
605 881 659 941 per
685 863 816 926 medium
842 862 1033 942 longitudinis

62 946 287 1027 latitudinisque
314 953 472 1025 porrectus
502 950 534 1008 t'o
564 945 728 1025 obliquum.
772 948 875 1009 circuli
901 949 1066 1026 signiferis

62 1040 164 1110 partes
180 1045 310 1100 ccccx,
331 1033 415 1110 sigua
431 1030 603 1100 duodecim,
626 1033 755 1110 partium
771 1032 887 1110 singula
908 1035 1033 1094 tricena·

13 1131 43 1178 10
62 1134 145 1188 rum,
176 1134 304 1196 quorum
325 1116 470 1196 quaedam
490 1115 622 1184 minora,
653 1117 802 1193 quaedam
818 1117 961 1196 ampliora
983 1117 1035 1200 [et

62 1200 77 1246 †
85 1199 195 1280 poploe
217 1201 337 1264 anafora
362 1199 537 1280 dicuntur]:
567 1201 619 1262 sed
639 1202 829 1280 conpensatio
849 1205 881 1264 in
903 1205 1034 1282 quinque

63 1291 165 1364 partes
186 1285 318 1346 creditur
338 1284 493 1362 adplicari,
524 1291 557 1345 ut
574 1286 635 1346 ¹sint
657 1303 761 1348 omnies
782 1287 915 1363 signiferi
934 1293 1034 1365 partes

63 1382 210 1432 ccchxv.
239 1369 348 1433 horum
364 1369 587 1450 incipientiaob
603 1370 694 1432 ariete
709 1369 800 1432 altera
816 1377 886 1430 sunt
901 1369 1032 1450 [mascu-

62 1454 131 1516 linis
158 1453 320 1535 femininis]
353 1452 552 1515 masculorum
579 1453 741 1522 natalibus,
772 1453 827 1514 alia
854 1454 1033 1518 feminarum

13 1540 278 1602 inconvenientia.
322 1539 394 1600 item
416 1545 555 1616 quartum
575 1538 713 1617 quodque
741 1556 844 1602 eorum
872 1547 923 1603 aut
941 1541 1033 1618 tropi·
1052 1545 1067 1593 6

64 1641 133 1686 cum
154 1631 204 1686 aut
225 1622 352 1684 solidum
378 1629 430 1684 aut
450 1621 588 1684 biforme.
633 1623 757 1700 incipiet
777 1623 974 1686 dinumeratio
996 1624 1032 1686 ab

64 1709 173 1776 ariete,
196 1708 275 1786 quod
292 1709 409 1784 signum
432 1708 578 1784 tropicum
596 1713 650 1768 est.
687 1708 871 1786 tropicarum
887 1709 945 1774 duo
966 1718 1035 1770 sunt

64 1791 301 1872 aequinoctialia,
318 1797 401 1854 aries
416 1799 445 1852 et
459 1789 551 1862 libra,
568 1791 627 1853 duo
644 1790 823 1863 solistitialia,
841 1795 1035 1872 capricornus

64 1884 93 1936 et
105 1893 224 1946 cancer,
240 1877 363 1955 tropicis
378 1877 513 1955 proxima
529 1876 631 1948 solida,
648 1878 810 1954 anteposita
826 1877 871 1938 liis
887 1877 1033 1940 biformia.

13 2083 44 2133 20
217 2079 267 2129 DE
286 2077 439 2130 suetus
456 2077 554 2129 -FIXIS
572 2079 620 2128 ET
638 2075 875 2130 serenitatis.
1049 2070 1068 2128 3

129 2213 289 2278 Stellarum
315 2213 388 2278 aliae
416 2231 482 2282 cum
511 2213 592 2276 caelo
620 2214 771 2284 feruntur,
801 2215 927 2290 ideoque
953 2213 1035 2292 quod

64 2315 125 2359 non
148 2299 295 2360 excedunt
316 2317 385 2360 siros
407 2297 488 2360 locos
510 2299 584 2360 lixae
605 2301 810 2369 nominantur,
837 2297 910 2362 aliae
931 2309 1034 2360 contra

64 2425 269 2438 -ι--ι-ι-ι-ι-

133 2487 158 2534 2.
183 2487 259 2536 uoluit
279 2487 408 2550 glossator
431 2483 626 2536 antichthoues
648 2484 721 2538 idem
740 2489 768 2535 et
791 2483 983 2536 antistoeehoe
1008 2490 1036 2536 et

64 2552 229 2617 antiscopoe
256 2553 434 2604 nominantur
502 2555 671 2608 anricuortes
694 2554 733 2612 D,
763 2553 916 2604 antistcnes
943 2552 972 2600 V

64 2622 89 2670 3.
109 2619 266 2673 autistochc
284 2618 353 2687 (qao.
366 2619 432 2680 rec)
456 2622 484 2669 et
502 2619 662 2686 antischepe
682 2619 708 2686 (q
720 2637 750 2671 m.
763 2618 828 2684 rec.)
851 2615 880 2670 V
943 2621 967 2670 5.
988 2619 1035 2670 seb

64 2699 179 2738 *statmo
191 2687 224 2748 D,
244 2687 293 2738 sed
311 2689 345 2738 ab
364 2687 461 2738 lntimo
474 2687 527 2748 dV,
547 2685 596 2737 sed
614 2687 649 2738 ab
666 2687 721 2737 imo
739 2691 811 2752 vulgo
863 2687 1035 2751 draconemque

64 2753 341 2821 (brumdinras.)l)
410 2756 435 2804 6.
452 2753 627 2806 solstitialem
649 2756 674 2805 V
741 2757 766 2806 7.
785 2754 1034 2820 oooqeoutomme

64 2821 267 2887 teotonetntsq.
280 2824 305 2872 D
373 2824 399 2876 8.
413 2823 442 2872 iu
453 2824 544 2876 addidi
595 2821 725 2887 obliquae
737 2823 815 2876 aedui.
828 2822 956 2883 deman,
968 2824 1035 2872 unde

65 2890 209 2942 [tritemius
226 2889 337 2954 oblique
390 2888 483 2940 cuculi
505 2891 530 2940 V
534 2888 542 2922 ¹
561 2905 634 2940 corr.
649 2893 710 2943 m.2
780 2891 820 2941 11.
839 2903 1034 2954 popio-easa-

64 2973 140 3008 rona
158 2957 198 3017 D,
216 2957 297 3023 poplo
318 2973 390 3008 eana
409 2957 470 3007 fora
493 2959 529 3020 V,
548 2957 632 3022 polon
649 2955 791 3023 anaphora
809 2959 875 3006 coni.
895 2957 1036 3006 Urliebsiua

118 3024 227 3087 biduum
245 3025 279 3086 D,
298 3025 394 3076 dieunt
416 3027 444 3074 V
490 3025 520 3075 in
538 3027 629 3078 addidi
697 3027 738 3076 12.
757 3023 899 3090 adplicare
921 3025 947 3074 V
962 3027 1034 3088 uulgo

66 3096 111 3144 13.
130 3091 434 3158 anatematizatus.)
453 3092 478 3141 D
549 3097 578 3143 et
594 3091 757 3144 masculinis
776 3091 887 3144 feminis
909 3092 941 3152 V,
961 3093 1035 3142 eiecit

67 3161 210 3214 Urliclteiue
279 3163 317 3211 14.
336 3159 479 3214 natalibus
496 3161 575 3212 schot.
596 3161 688 3220 uem,
707 3174 899 3214 naruaamnus
917 3159 975 3208 DV

67 3231 107 3280 15.
127 3228 210 3294 partit
230 3231 266 3287 (ia
283 3245 363 3294 marg.
381 3245 413 3281 m.
430 3243 483 3278 rec.
502 3227 613 3294 quartia)
633 3243 726 3278 eorum
745 3242 824 3292 quoq;
846 3229 874 3278 V
939 3229 979 3278 16.
998 3241 1034 3275 ue

64 3296 200 3348 besoume
217 3296 256 3360 D,
285 3300 334 3347 aut
355 3295 477 3350 deforme
499 3297 567 3362 ctV,
595 3311 664 3346 corr.
683 3295 807 3346 Cauchius
876 3296 917 3347 te.
941 3295 1036 3359 aequi·

65 3362 183 3415 noctiali
205 3363 233 3414 V
298 3364 372 3416 aries
395 3379 442 3415 om.
461 3365 519 3413 DV
582 3361 671 3412 librae
690 3362 741 3412 duo
759 3360 922 3412 solstitialia
944 3363 973 3411 V

67 3434 106 3482 tu.
126 3431 321 3482 murmanis
385 3430 601 3482 beronmtaDV
666 3432 708 3480 20.
728 3443 831 3480 artatis
849 3430 874 3478 D
945 3445 1036 3480 erran-

64 3499 141 3551 tibus
158 3499 271 3557 Ialtnua;
289 3515 335 3566 ego
353 3501 434 3549 malim
451 3498 622 3564 vagantibus
640 3500 697 3551 coll.
715 3514 740 3561 p.
754 3499 824 3558 59,1
