2416 3944
358 203 469 255 ssim
487 203 640 255 sacrius
657 206 727 261 ars.
746 207 792 260 w.
1016 205 1057 270 75

85 349 263 438 Corython
276 351 316 415 ab
331 350 514 436 Idomeneo,
537 355 578 418 ab
592 355 691 420 Aiace
714 354 798 420 Oilei
819 356 961 422 Ilioneus
984 377 1057 421 cum

85 434 279 518 Philanore,
307 436 448 519 itemque
475 437 616 502 Telestes
645 459 664 502 a
691 439 862 523 Diomede,
891 442 932 503 ab
961 441 1057 505 Aisce

90 519 194 584 altero
223 520 425 603 Antipdoous
452 525 585 608 Agavus
610 525 766 609 Agathon
794 528 890 610 atque
917 524 1057 590 Glaucus

89 607 123 667 et
144 604 185 667 ab
208 604 335 669 Achille
356 606 589 690 Asteropaeus:
611 630 715 692 neque
737 609 826 693 prius
848 609 922 674 finis
943 610 1057 692 factus,

88 709 188 836 quapp
208 688 350 768 ,Graecos
373 692 469 756 saties
492 696 525 756 et
552 692 592 756 ad
618 696 817 777 postremum
837 694 987 779 fatigatio
1010 694 1083 757 ins

84 793 196 836 cess.
285 805 289 810 ·

146 873 149 877 ·
176 856 266 922 VIII.
303 861 349 923 At
370 859 427 923 ubi
449 862 489 925 ab
505 862 624 926 nostris
646 861 681 926 in
703 867 806 928 castra
823 884 982 927 recessum
999 864 1056 944 est,
1086 862 1088 867 ’

88 941 181 1004 missi
204 942 244 1006 ab
263 941 421 1026 Troianis,
444 945 500 1029 qui
521 950 670 1029 peterent
691 967 802 1011 eorum
831 947 886 1032 qui
915 948 949 1011 in
971 946 1056 1011 bello
1120 973 1122 978 ·

86 1025 274 1090 ceciderant
301 1025 457 1092 humandi
484 1030 627 1094 veniam:
657 1031 808 1100 collectos
831 1052 905 1096 suos
921 1031 1057 1114 quisque

89 1111 162 1194 igni
191 1115 335 1174 cremant
363 1116 395 1176 et
421 1135 511 1178 more
532 1116 638 1198 patrio
661 1116 822 1200 sepeliunt
849 1137 993 1181 seorsum
1015 1115 1057 1179 ab
1071 1135 1096 1175 ιο

85 1194 215 1258 ceteris·
229 1200 369 1260 cremato
385 1195 567 1281 Memnone,
588 1203 680 1264 ouius
702 1200 853 1284 reliquias
868 1221 968 1264 urnae
984 1221 1059 1264 con-

91 1277 176 1342 ditas
191 1280 460 1362 pernecessarios
474 1283 560 1367 regis
574 1285 725 1348 remisere
740 1285 775 1348 in
812 1285 931 1349 atrium
945 1284 1058 1348 solum.

89 1367 128 1426 at
150 1361 265 1427 Graeci
287 1364 411 1428 lautum
438 1367 521 1431 bene
549 1369 683 1432 cadaver
704 1307 873 1433 AntiIdchi
902 1368 1058 1450 iustisque
1158 1443 1160 1448 Ι

89 1446 185 1511 factis
206 1446 339 1513 Nestori
366 1449 499 1514 tradunt
525 1473 662 1535 eumque
689 1457 797 1535 orant,
827 1453 927 1517 ferret
948 1453 1056 1516 animo

86 1553 195 1614 aequo
217 1531 367 1597 fortunae
388 1534 529 1618 bellique
551 1535 693 1600 adversa.
730 1538 777 1601 ita
797 1537 838 1602 ad
858 1542 1057 1622 postremum
1071 1557 1096 1598 15

87 1637 229 1699 corpora
250 1639 308 1681 sua
330 1617 465 1703 quisque
487 1626 636 1686 curantes
657 1621 734 1686 vino
757 1626 853 1706 atque
876 1621 979 1705 epulis
1001 1642 1059 1704 per

89 1701 227 1764 multam
249 1705 377 1766 noctem
400 1703 532 1769 Aiacem
560 1705 718 1789 simulque
739 1705 889 1770 Achillen
910 1705 1058 1770 laudibus

90 1785 258 1850 celebrant
278 1789 374 1870 atque
398 1787 438 1850 ad
460 1789 584 1853 caelum
605 1790 724 1854 ferunt.
762 1795 796 1854 at
817 1812 836 1854 a
860 1789 903 1853 ud
919 1789 1057 1870 Troiam,

90 1870 148 1933 nbi
176 1870 303 1953 requies
329 1872 481 1936 funerum
510 1877 573 1956 est,
604 1896 677 1943 ,non
704 1875 769 1938 iam
802 1812 894 1938 doIor
920 1875 956 1937 in
983 1894 1058 1936 casu

91 1953 291 2039 Memnonis,
321 1955 376 2020 sed
397 1960 502 2021 metus
530 1979 672 2023 summae
694 1979 800 2023 rerum
824 1962 856 2022 et
877 1956 1057 2040 desperatio
1071 1979 1097 2019 ao

91 2039 281 2123 incesserat,
310 2060 383 2105 cum
405 2040 482 2105 hinc
504 2039 698 2126 Sarpedonis
720 2041 885 2123 interitus,
913 2041 987 2105 inde
1010 2063 1058 2104 se·
1109 2099 1111 2102 .

88 2126 168 2187 cuta
212 2124 286 2188 aulo
308 2129 384 2208 post
397 2124 546 2190 Hectoris
568 2126 673 2191 clades
695 2147 767 2210 spes
781 2126 921 2208 reliquas
944 2125 1059 2188 animis

89 2207 186 2272 sbstu
203 2209 210 2221 '
229 2229 262 2272 se
299 2229 413 2293 neque,
433 2210 522 2293 quod
536 2215 744 2294 postremum
756 2210 791 2274 in
806 2209 980 2275 Memnone
994 2209 1060 2273 for-

89 2297 173 2356 tuna
201 2291 378 2376 obtulerat,
412 2294 572 2377 reliquum
605 2295 671 2359 iam
699 2295 859 2360 existeret.
912 2295 958 2360 ita
985 2315 1060 2358 con-

90 2375 267 2441 fluentibus
295 2378 330 2441 in
351 2399 453 2442 unum
479 2384 530 2444 tot
557 2379 697 2444 adversis
726 2402 835 2445 curam
857 2400 985 2444 omnem
1007 2400 1059 2442 ex·
1072 2401 1098 2441 ss

89 2460 247 2545 surgendi
269 2463 453 2528 omiserant.

177 2544 236 2610 IX.
265 2545 319 2610 'At
339 2552 414 2631 post
427 2569 547 2631 paucos
569 2547 636 2612 dies
652 2549 769 2614 Graeci
791 2548 940 2614 instructi
963 2546 1060 2610 armis

90 2650 278 2713 processere
305 2631 340 2696 in
367 2653 516 2716 campum
544 2633 751 2717 lacessentes,
777 2633 804 2696 si
826 2632 997 2714 auderent,
1020 2630 1061 2694 ad

93 2713 282 2779 bellandum
303 2714 470 2782 Troianos.
515 2718 586 2801 quis
608 2719 673 2782 dux
687 2717 870 2782 Alexander
892 2738 965 2781 cum
987 2715 1059 2780 reli-

90 2799 167 2882 quis
181 2798 335 2864 fratribus
350 2801 486 2866 militem
502 2801 629 2866 ordinat
644 2806 740 2887 atque
755 2801 924 2866 adversum
941 2800 1057 2884 pergit.
1072 2821 1097 2862 so

162 2987 212 3041 ur.
231 2947 327 3044 uslai,
347 2990 396 3039 1s4
415 2988 531 3042 cedrea.
551 2992 574 3042 P
594 2992 651 3042 ras.

165 3144 177 3190 l
198 3141 352 3206 chorythau
374 3143 409 3193 sd
427 3143 573 3194 idomensa
594 3143 641 3195 ΕΒ
663 3160 731 3196 corr.
751 3144 776 3193 Ρ
847 3144 862 3192 2
886 3141 1010 3204 thyestes
1034 3142 1063 3188 et

93 3211 193 3260 addunt
210 3211 271 3260 liora
292 3218 352 3262 ante
371 3211 510 3274 Telestes,
533 3214 661 3278 espancis
680 3211 839 3278 Dederictsc
916 3211 932 3258 3
951 3207 1062 3271 antipus

94 3277 155 3326 libri
171 3293 241 3329 corr.
259 3279 419 3330 Dedericdus
481 3280 721 3344 testeropeusG
784 3275 854 3328 tad
872 3280 963 3330 om.G
1031 3275 1062 3323 19

97 3345 249 3396 eassumc
283 3361 351 3396 casu
368 3346 394 3396 B
463 3348 496 3398 20
518 3362 608 3398 rerum
632 3350 660 3395 et
683 3347 742 3406 PV,
771 3353 799 3395 et
827 3359 874 3398 om.
902 3343 962 3399 GB,
981 3344 1063 3391 malim

93 3417 185 3462 metus
205 3416 274 3462 ets.
293 3429 313 3464 r.
332 3413 357 3463 d.
419 3417 450 3464 21
469 3415 630 3464 insecutaB
692 3416 725 3464 23
744 3413 815 3478 quod
833 3409 943 3462 0221.ch
961 3411 1022 3459 add.
1040 3408 1066 3456 V

94 3479 230 3544 stqnsad
248 3485 415 3545 postremum
433 3482 459 3531 B
521 3485 555 3532 24
574 3481 700 3533 relictum
718 3481 772 3530 iam
793 3478 955 3530 existeret?
990 3489 1064 3524 rere·

94 3561 176 3610 quum
195 3548 252 3598 ism
270 3545 310 3598 nil
328 3551 448 3600 existere
466 3549 492 3599 B
510 3557 623 3601 nostram
645 3550 694 3598 VP
760 3550 793 3598 27
812 3547 872 3596 dies
890 3561 938 3596 om.
958 3544 987 3592 θ.
