2414 3946
318 221 365 268 un
388 220 449 266 uus
473 219 605 268 nurum
629 219 705 268 cue.
724 221 771 268 xr.
990 205 1029 268 19

53 359 254 437 longitudinis
269 361 344 420 fiunt
360 361 525 438 graviores,
543 358 672 420 chordae
688 367 786 420 autern
803 366 961 437 augmento
978 360 1028 420 ad·

53 445 110 504 diti
119 445 263 521 ponderis
278 446 441 505 acutiores:
458 443 617 524 utrubique
633 453 730 504 tamen
747 443 850 504 eadem
861 445 958 523 portio
975 452 1027 504 est.

123 527 176 586 His
192 527 332 603 expositis
345 525 468 584 forsitan
484 529 603 604 quidem
619 528 755 599 obscure,
773 529 824 589 sed
842 546 930 606 quam
948 529 1029 606 potui
1048 533 1080 591 ll

52 611 256 680 lucidissime,
274 610 365 670 redeo
382 609 417 669 ad
433 611 636 689 propositum,
652 617 685 670 ut
701 613 822 673 doceam
838 613 908 691 quid
923 613 1030 692 Pytha·

17 705 33 753 5
54 713 148 775 goras
164 695 201 756 de
216 712 342 754 numero
358 693 473 755 dierum
496 695 532 754 ad
548 700 650 772 partus
665 697 877 771 pertinentium
893 698 1028 758 senserit.

53 781 200 859 primum,
216 788 353 857 utsupra
369 780 531 839 memoravi
547 778 739 856 generaliter,
757 780 831 840 duos
847 797 911 840 esse
927 788 1030 859 partus
1048 792 1064 840 2

54 865 181 924 omnino
208 864 295 933 dixit,
326 863 451 923 alterum
474 865 636 932 minorem,
668 881 754 942 quern
776 870 883 924 vocant
902 871 1030 942 septem·

54 955 218 1018 mestrem,
250 949 300 1027 qui
330 947 659 1008 decimetducentesimo
690 948 736 1008 die
766 956 833 1027 post
862 951 1030 1026 conceptio·

54 1051 128 1093 nem
156 1039 240 1093 exeat
266 1031 302 1092 ab
323 1038 424 1102 utero,
456 1031 581 1092 alterurn
603 1033 745 1093 maiorem
773 1032 1029 1102 decemmcstrcm,

16 1127 34 1174 0
55 1119 111 1198 qui
126 1117 232 1177 edatur
247 1116 295 1176 die
311 1117 535 1177 ducentensimo
551 1118 789 1195 septuagensimo
811 1123 925 1196 quarto.
957 1136 1030 1197 quo·

55 1219 128 1262 rum
152 1203 234 1281 prior
254 1219 288 1262 ac
305 1203 401 1261 minor
416 1203 532 1261 senario
555 1201 681 1261 maxime
703 1203 874 1262 continetur
893 1220 1028 1262 numero.

55 1304 129 1348 itam
146 1285 224 1364 quod
248 1305 284 1345 ex
300 1287 412 1346 semine
428 1291 603 1362 conceptum
619 1292 678 1356 est,
703 1303 770 1356 sex,
797 1295 830 1346 ut
847 1287 902 1353 ait,
926 1287 1029 1362 primis
1048 1296 1064 1344 3

55 1369 168 1432 diebus
196 1387 282 1430 umor
304 1375 348 1430 est
369 1369 497 1441 lacteus,
528 1367 634 1428 deinde
656 1371 799 1449 proximis
822 1378 890 1430 octo
911 1373 1028 1445 sangui·

54 1473 152 1516 neus:
181 1457 318 1533 quincto
341 1471 408 1514 curn
431 1453 465 1514 ed
483 1454 595 1532 primos
610 1471 661 1514 sex
682 1460 887 1526 accesserunt,
919 1454 1031 1514 faciunt

0 1562 2 1587 ι
15 1548 31 1596 5
51 1541 186 1620 primam
201 1538 404 1618 symphoniam
419 1537 465 1598 dia
478 1545 621 1598 tessaron.
643 1540 731 1599 tertio
743 1539 837 1616 gradu
849 1557 955 1600 novem
968 1539 1031 1600 dies

52 1623 206 1686 accedunt
229 1625 286 1682 iam
310 1641 430 1683 carnem
451 1622 608 1683 facientes:
635 1622 665 1682 hi
688 1641 755 1683 cum
777 1641 829 1683 sex
848 1622 905 1683 illis
926 1625 1030 1702 primis

51 1707 159 1770 collati
180 1707 345 1785 sescuplam
367 1706 477 1768 iaciunt
491 1707 636 1766 rationem
660 1713 689 1768 et
709 1708 869 1768 secundam
890 1708 1029 1788 sympho-

50 1795 128 1854 nian
145 1793 192 1853 dia
208 1801 307 1870 pente.
339 1800 401 1852 tum
418 1792 559 1870 deinceps
580 1791 773 1870 sequentibus
789 1792 945 1854 duodecim
966 1793 1028 1852 die·

50 1879 114 1938 bus
135 1876 168 1936 fit
184 1895 292 1954 eorpus
317 1878 373 1936 iarn
389 1875 564 1937 formatum:
588 1875 696 1936 horum
712 1893 831 1956 quoque
851 1877 887 1936 ad
909 1878 1029 1936 eosdem

0 1978 25 2011 t·
50 1981 111 2024 sex
134 1959 250 2022 collatio
267 1962 383 2022 tertiam
408 1960 563 2040 diapason
585 1959 683 2022 reddit
703 1962 897 2041 symphoniau
920 1958 1029 2037 duplici

49 2046 168 2109 rationi
188 2045 362 2107 subiectam.
400 2045 431 2104 hi
446 2052 585 2122 quattuor
601 2047 717 2106 numeri
739 2058 775 2104 vr
796 2059 862 2104 vm
877 2058 955 2105 vnn
975 2055 1064 2104 x114

49 2131 211 2194 coniuncti
225 2131 336 2192 iaciunt
356 2130 419 2190 dies
439 2143 547 2190 xxxv.
572 2148 639 2194 ,nec
654 2130 791 2190 inmerito
807 2131 941 2190 senarius
962 2130 1029 2189 iun·

49 2218 232 2278 dementum
258 2213 399 2294 gignendi
427 2221 485 2275 est:
523 2232 591 2276 narn
620 2233 687 2275 eum
710 2213 800 2275 telion
823 2215 944 2282 Graeci,
975 2231 1029 2275 nos

50 2307 158 2363 autem
180 2300 344 2378 perlectum
365 2317 519 2369 vocamus,
547 2299 626 2378 quod
649 2301 711 2360 eius
726 2308 826 2377 partes
846 2307 921 2370 tres,
948 2308 1028 2361 sexta

0 2399 28 2439 ’
50 2394 84 2448 et
107 2386 197 2445 tertia
220 2391 248 2444 et
263 2383 398 2454 dimidia,
429 2384 520 2444 idest
541 2401 618 2444 uuus
633 2390 662 2443 et
677 2383 736 2444 duo
752 2392 781 2444 et
795 2391 870 2456 tres,
902 2385 1029 2444 eundem

48 2474 156 2551 ipsum
177 2470 343 2546 perficiunt.
388 2469 440 2529 sed
462 2475 495 2529 ut
515 2469 598 2528 initia
619 2469 739 2529 seminis
760 2475 789 2528 et
809 2468 936 2529 lacteum
956 2468 1029 2529 illud
1047 2476 1063 2524 5

49 2556 264 2632 conceptionis
285 2552 509 2614 tundamentum
531 2553 668 2631 primitus
683 2552 740 2613 hoc
756 2570 881 2613 numero
903 2552 1029 2614 absolvi·

50 2649 123 2710 tur‚
157 2639 200 2700 sic
224 2639 281 2700 hoc
308 2639 426 2698 initium
452 2637 571 2697 formati
593 2636 721 2697 hominis
749 2644 778 2697 et
799 2637 877 2699 velut
904 2636 1028 2697 alterum

49 2724 280 2786 maturesccndi
302 2721 540 2791 fundamentum,
564 2722 642 2800 quod
660 2729 704 2782 est
718 2723 849 2800 quinque
865 2729 895 2782 et
910 2724 1027 2799 triginta

127 2894 151 2943 1.
174 2892 253 2957 corde
275 2891 301 2940 V
368 2891 393 2940 4.
412 2890 543 2940 incidisse
555 2905 599 2940 mo
616 2890 648 2952 V,
667 2903 735 2940 corr.
750 2905 780 2939 m.
794 2903 847 2938 ree.
918 2889 941 2937 6.
962 2889 1029 2940 duos

46 2966 75 3013 in
94 2960 124 3011 V
134 2961 196 3009 add.
209 2975 239 3008 m.
251 2973 304 3008 rec.
375 2960 399 3012 7,
419 2969 642 3023 sepremesrnem
660 2959 694 3021 D,
713 2962 819 3022 septem
837 2960 984 3006 monstrem
1006 2957 1031 3004 V

47 3032 74 3081 8.
97 3027 210 3077 decimo
229 3029 257 3076 et
270 3025 458 3077 ducentesimo
481 3026 509 3074 V
516 3029 588 3090 culpo
657 3027 681 3074 9.
701 3025 796 3075 decem
809 3028 956 3073 menstrem
973 3025 998 3072 V

48 3102 93 3148 10.
111 3093 321 3160 septuagesimo
338 3093 367 3141 V
432 3095 471 3142 14.
492 3093 662 3144 accesserint
679 3093 706 3141 V
772 3095 812 3143 15.
831 3089 875 3142 διὰ
887 3089 1029 3154 τεεεάρων

46 3169 128 3230 culpo
200 3163 240 3211 16.
266 3176 314 3212 sex
337 3161 597 3212 Verennianus.
669 3162 708 3213 li.
733 3171 889 3225 sescupnam
914 3159 986 3221 (sese
1003 3160 1031 3208 in

45 3231 121 3294 ras.)
138 3231 166 3279 D
227 3227 375 3280 secundum
393 3231 419 3279 D
479 3229 668 3294 symphoniam
690 3229 715 3278 V
732 3227 800 3293 (item
817 3243 878 3278 mccc
895 3242 930 3276 us.
949 3225 995 3291 20)

47 3303 91 3352 18.
114 3297 161 3348 διὰ
181 3295 266 3348 πέντε
284 3299 355 3362 culpo
425 3298 466 3348 20.
485 3295 528 3346 διὰ
546 3299 645 3348 naemu
663 3302 735 3362 culpo
805 3300 846 3346 21.
864 3308 981 3345 sanione
999 3295 1025 3343 D

124 3367 207 3416 huD
265 3365 383 3416 nnmerii
404 3367 428 3414 V
484 3361 526 3428 vr]
547 3380 596 3415 sex
618 3367 645 3415 V
698 3363 842 3428 xri]er
911 3360 1029 3412 ⁸22.btcs

45 3450 111 3492 oon
130 3435 158 3483 D
229 3435 270 3484 23.
288 3446 384 3483 'reiron
406 3435 442 3495 V,
467 3431 577 3484 τέλειον
594 3437 666 3496 culpo
737 3434 814 3495 greci
836 3431 863 3479 V
928 3431 969 3483 26.
990 3445 1029 3480 ru·

46 3517 114 3556 num
134 3503 161 3552 D
233 3504 274 3553 29.
294 3501 503 3552 maturascendi
524 3503 549 3552 V
617 3500 795 3565 unipeuraD

780 3579 826 3643 2*
