2416 3944
939 219 1006 266 XIII

118 347 159 413 V·
178 346 258 412 Cod.
286 346 551 412 Vratislaviensis
579 347 628 412 IV
657 346 684 422 Q
716 348 758 412 47
791 349 1006 417 bibliothecae
1061 393 1063 400 ,

37 431 254 498 universitatis
287 431 469 496 litterarum
502 453 583 496 0000.
617 429 699 496 XIII
720 433 867 517 mutilus,
895 435 1008 501 insunt

39 521 141 580 autern
163 516 246 580 haee
267 538 299 599 p.
327 516 381 598 19,
406 516 445 579 18
472 515 569 598 primi
591 552 633 563 —
654 538 685 599 p.
708 517 766 598 51,
792 517 832 580 14
858 520 1007 585 mandata

39 601 143 684 efficit,
167 623 200 684 p.
225 599 275 682 70,
297 599 341 662 22
362 599 558 683 reliquisque
580 637 622 648 -
643 621 674 683 p.
695 600 752 683 93,
786 602 825 666 16
847 603 887 666 ad
909 625 1008 668 naves

39 684 179 766 redeunt,
202 705 234 767 p.
261 683 331 766 104,
354 683 374 747 8
397 683 466 748 fore
489 683 537 748 uti
552 721 594 742 ψ-
608 705 639 767 p.
665 683 735 766 107,
751 684 792 748 23
815 688 1006 769 tempestate
1091 689 1094 698 '

39 768 137 852 multi,
160 791 193 852 p.
219 767 297 850 112,
326 767 369 832 30
390 765 480 830 Ulixi
502 788 603 851 usque
631 767 672 832 ad
692 768 801 833 finem.
846 768 950 835 Multa
971 773 1007 836 in

40 851 97 916 hoe
125 872 256 936 quoque
284 854 361 915 eunt
389 855 527 934 mutata,
550 851 614 916 alia
641 850 773 916 liberius
807 853 871 918 alia
898 855 1006 920 minus

40 935 144 1000 libere.
187 935 287 999 Hune
307 935 426 998 librum
448 935 517 1019 ipse
539 935 673 1018 contuli,
695 936 774 1000 item

118 1017 248 1084 POod.
271 1017 517 1083 Berolinensem
538 1018 617 1084 Mse.
646 1019 702 1084 lat.
733 1022 836 1085 00101.
867 1023 905 1086 71
938 1023 1006 1088 fere

43 1103 178 1168 eiusdem
199 1106 307 1167 notae.
351 1101 391 1168 Iu
413 1106 551 1187 utroque
573 1102 657 1167 libro
679 1105 831 1168 nonnulli
853 1107 927 1190 looi,
950 1109 1006 1191 qui

42 1187 144 1270 aliquo
167 1187 248 1251 vitio
271 1185 509 1260 laboraverunt,
533 1186 615 1251 bene
638 1189 773 1252 correcti
788 1194 874 1272 suut,
896 1191 1006 1273 plures

43 1270 203 1354 ingeniose
232 1269 364 1352 mutati,
393 1271 450 1353 qui
476 1293 535 1353 per
561 1293 595 1336 se
617 1270 696 1334 boni
718 1273 916 1338 correctione
938 1295 1007 1338 uon

45 1355 183 1437 egebant.
206 1352 295 1418 haud
316 1375 418 1437 panea
434 1376 516 1438 quae
531 1354 567 1418 in
582 1353 778 1419 editionibus
796 1356 1007 1421 inveniuntur

44 1437 159 1502 011100
179 1437 272 1502 fonte
294 1437 457 1514 fluxerunt
504 1459 586 1520 quae
607 1441 717 1501 tamen
739 1439 863 1504 auctori
885 1441 1006 1506 abiudi-

46 1520 137 1585 eanda
159 1542 227 1585 esse
251 1541 438 1604 persuasum
460 1487 575 1585 tabeo.

78 1613 81 1620 ⁴
120 1603 227 1671 Semel
249 1604 302 1668 vel
329 1605 379 1686 bis
407 1604 509 1688 adieei
530 1604 685 1669 lectiones
712 1605 783 1670 aod.
807 1608 1003 1692 Argentora-

45 1689 148 1772 tensis,
172 1710 237 1774 quo
261 1687 441 1754 Obreehtus
462 1710 538 1753 usus
560 1689 678 1754 multos
700 1690 788 1754 locos
810 1692 1004 1772 emendavit,

45 1773 196 1838 rarissime
223 1773 379 1837 lectiones
408 1773 476 1838 aod.
500 1771 719 1856 Sangallensis
747 1774 901 1857 oppidani
923 1797 1004 1840 saee.

46 1853 113 1933 XV,
145 1878 214 1921 non
248 1857 326 1920 satis
356 1860 503 1920 accurate
541 1860 578 1920 ut
603 1856 731 1921 videtur
762 1879 782 1921 a
811 1857 877 1922 100.
911 1857 1004 1943 Oasp.

46 1937 157 2004 11101110
181 1939 292 2004 0011011
314 1940 409 2023 (quas
430 1939 629 2005 Dederiehus
651 1941 687 2004 in
709 1939 850 2005 editione
872 1963 930 2006 sua
952 1963 1005 2006 ex·

46 2019 149 2105 hibet),
170 2044 213 2087 ne
235 2022 482 2087 fundamentum
502 2025 610 2087 textus
632 2023 769 2087 fideliter
789 2024 933 2105 positum
954 2025 1005 2090 his

47 2104 152 2170 additis
174 2106 372 2170 destruerem
393 2107 504 2190 potius
526 2127 624 2190 quam
645 2106 816 2170 firmarem.

119 2189 189 2255 Nee
222 2188 395 2254 defuerunt
426 2190 508 2253 mihi
541 2187 697 2253 editiones
731 2189 886 2273 optimae,
923 2211 1005 2274 quae

48 2273 146 2337 lamen
167 2294 236 2337 non
251 2271 424 2352 admodum
444 2273 531 2338 inter
552 2294 585 2336 se
600 2271 919 2358 differuntt‘praeter
941 2275 1005 2340 edi·

48 2354 351 2440 tionemprincipem
367 2357 447 2440 (una
458 2356 613 2422 Coloniae
631 2357 779 2426 1470101
797 2358 888 2442 1475,
903 2358 1005 2424 011010

48 2434 214 2504 Mediolani
234 2440 315 2504 1477
333 2440 467 2526 prodiit)
491 2439 686 2524 aliquotiens
701 2440 884 2523 editionem,
908 2463 1005 2524 quam

47 2519 106 2602 ipse
126 2523 285 2606 possideo,
308 2523 464 2607 optimam
486 2524 735 2590 commemoravi
757 2546 839 2607 quae
858 2525 1004 2591 Venetiis

48 2625 72 2665 0
98 2607 177 2671 1499
210 2606 347 2690 prodiit,
380 2629 529 2672 excusam
561 2629 601 2671 ex
633 2608 775 2673 editione
802 2608 929 2674 Veneta
957 2632 1004 2692 00,
1134 2660 1138 2667 .

48 2707 119 2768 quae
143 2691 225 2754 1486
253 2689 464 2756 0110101000
487 2690 678 2775 Faragonio'
697 2695 807 2756 curata
836 2696 898 2756 est:
920 2692 1004 2758 hane

48 2773 181 2854 sequitur
209 2773 308 2838 editio
337 2795 419 2858 quae
441 2774 587 2839 Basileae
618 2797 648 2840 a.
680 2775 761 2840 1529
787 2776 807 2840 8
836 2775 1005 2841 0101011111

48 2856 122 2938 typis
130 2878 246 2922 exeusa
253 2856 661 2943 Cratandrinaappellatur.
678 2857 740 2925 Sed
751 2860 848 2944 longe
860 2860 1005 2923 omnium

48 2941 302 3018 praestantinima
323 2946 372 3006 est
393 2964 431 3006 ea
451 2965 547 3026 quam
567 2942 668 3008 Iosias
685 2941 858 3007 Mereerius
873 2941 1003 3008 Parisiis

51 3021 120 3087 1618
144 3026 183 3089 12
205 3025 241 3088 iu
263 3024 395 3090 officina
414 3023 548 3091 Roberti
569 3025 726 3109 Stephani
748 3025 862 3110 edidit3
885 3029 1004 3092 etenim

49 3123 111 3170 cum
130 3129 168 3172 us
192 3130 233 3172 ue
260 3107 302 3172 ad
328 3109 409 3173 illud
436 3113 563 3194 tempus
585 3111 722 3194 00110101
748 3110 816 3175 fere
837 3111 1004 3196 neglectus

50 3194 134 3275 esset,
197 3194 337 3258 emerius
370 3193 507 3258 duorum
540 3195 732 3278 seriptprum
764 3194 910 3259 codicum
943 3215 1003 3278 ope

48 3268 151 3360 fretus,
179 3280 217 3340 ut
244 3277 312 3356 ipse
332 3281 444 3342 narrat
464 3278 500 3342 in
526 3279 741 3360 praefatione,
769 3299 841 3342 eum
863 3277 1004 3342 restituit

50 3357 77 3416 et
95 3358 132 3422 ab
152 3360 331 3425 innumeris
346 3361 471 3426 mendis
492 3360 651 3426 liberavit.
688 3360 797 3444 Digna
818 3383 900 3444 quae
919 3381 1003 3426 eom*

50 3448 231 3509 memoretur
253 3448 302 3508 est
317 3444 414 3509 editio
431 3444 594 3528 Obrechti,
617 3465 714 3528 quam
729 3445 853 3508 curavit
873 3444 1003 3510 Samuel
