2416 3944
159 221 200 284 70
463 221 594 274 niorrs
614 221 814 274 osasnusrs
1184 227 1186 232 ·

159 373 199 437 ad
221 371 343 436 eaelum
372 374 497 436 ferunt:
526 373 645 456 quipe
673 371 745 454 quis
767 372 876 436 animo
905 372 952 436 ita
979 372 1126 438 haeserat
1204 387 1205 458 l

158 456 248 521 nulla
270 478 326 540 spe
348 455 542 540 impetrandi
557 477 594 520 oa
616 457 719 520 averis
741 456 910 539 ipsumque
933 461 966 520 et
1004 459 1037 520 ui
1051 479 1125 522 oum
1204 463 1205 536 l

159 563 196 606 eo
219 541 356 606 fuissent
378 541 510 604 retineri
532 540 573 604 ab
590 541 728 624 Graecis,
751 541 889 604 maxime
912 541 954 605 ob
972 479 1125 625 llelenae,
1204 545 1205 590 f

77 633 80 641 '
181 647 242 690 uae
263 647 332 690 non
353 625 579 712 remitteretur,
594 625 860 689 recordationem.
898 629 1038 690 ceterum
1055 627 1125 692 riso
1204 623 1205 710 ]

135 729 148 768 o
193 711 308 774 eoloris
342 710 455 775 funere
483 711 591 773 cuncti
624 710 709 774 aives
742 710 884 792 sociique
918 711 1125 776 adcurrentes
1204 719 1205 796 f

157 795 268 859 fletum
289 794 426 878 tollunt,
456 793 644 858 divellentes
666 815 790 858 comam
811 793 1043 877 foedantesque
1066 817 1124 860 ora
1204 801 1205 872 j

157 879 345 961 laniatibus,
375 900 480 962 neque
502 879 537 942 in
558 880 650 942 tanta
671 877 785 962 populi
809 878 1016 943 multitudine
1061 881 1125 943 nis·
1204 873 1205 960 l

157 985 254 1110 quam
276 964 312 1027 in
333 985 367 1027 se
382 963 511 1027 virtutis
533 967 589 1028 aut
610 963 679 1046 spei
700 963 803 1026 bonae
823 962 974 1027 fiduciam
997 901 1124 1028 arridere

127 1047 215 1114 .‘lo
243 1047 431 1132 interfecto,
460 1047 515 1130 qui
552 1047 665 1111 inolita
690 1067 749 1130 per
798 1051 886 1111 entes
908 1047 996 1110 fama
1017 1069 1126 1112 rerum
1204 1079 1205 1114 l

120 1151 145 1190 10
157 1131 361 1214 militarium,
397 1133 432 1196 in
458 1152 536 1216 paee
565 1131 662 1196 etiam
689 1067 853 1215 praeclara
885 1131 1056 1214 pudicitia,
1086 1153 1126 1196 ex

157 1239 221 1302 qua
243 1217 329 1280 haud
351 1216 524 1298 minorem,
554 1237 651 1299 quam
679 1209 811 1299 reliquis
838 1215 961 1279 artibus
987 1216 1126 1300 gloriam
1204 1241 1205 1276 l

158 1301 292 1385 adeptus
316 1305 392 1365 erat.
438 1301 561 1365 interea
583 1299 758 1382 sepelivere
781 1321 855 1364 eum
876 1299 963 1363 haud
984 1300 1082 1385 longe
1106 1324 1127 1364 a

157 1386 281 1450 tumulo
304 1385 345 1450 Ili
366 1385 451 1470 regis
481 1384 652 1469 quondam.
698 1383 773 1448 dein
800 1389 911 1448 exorto
940 1406 1037 1468 quain
1059 1407 1127 1449 ma·
1204 1389 1205 1424 l

157 1478 244 1534 ximo
266 1470 391 1534 ululatu
419 1473 581 1554 postrema
609 1469 716 1532 funeri
737 1471 912 1552 peragunt,
935 1469 1011 1532 hino
1032 1469 1128 1533 temi-

121 1571 146 1612 15
158 1555 214 1618 nis
247 1576 319 1618 oum
351 1553 484 1617 Hecuba
521 1553 726 1635 deflentibus,
745 1583 746 1586 ¹
764 1553 840 1618 hino
875 1553 1127 1618 reclamantibus

156 1638 305 1702 Troianis
333 1638 410 1701 viris
438 1641 472 1702 et
497 1637 538 1701 ad
559 1641 756 1720 postremum
779 1638 940 1702 sociorum
962 1639 1128 1722 gentibue.

156 1743 237 1870 tlt
252 1744 310 1871 lif
324 1721 516 1870 bellet?
531 1721 1129 1871 tlt⁸³2r¹⁰²lltt02⁹qtsstltl¹3

157 1913 293 1974 usquam
315 1828 447 1956 rediisso
470 1829 603 1975 lugendi
625 1828 743 1955 oifieio.
913 1826 935 1890 g

117 1995 144 2034 ro
241 1976 282 2040 ΙΙ.
332 1975 466 2040 Interim
493 1996 552 2058 per
582 1973 708 2039 eosdem
740 1973 807 2038 dies
835 1973 1056 2057 Penthesilea,
1086 1974 1131 2040 de

157 2083 221 2145 qua
254 2066 328 2125 ante
356 2061 618 2141 memoravimus,
654 2080 726 2122 oum
766 2077 886 2142 magna
918 2059 1131 2124 Amazonum

155 2167 254 2210 manu
289 2146 485 2228 reliquisque
519 2165 558 2208 ex
589 2143 727 2208 finitimo
760 2143 889 2226 populis
926 2144 1130 2226 supervenit.

156 2226 1133 2377 3333pngqaquqqaqffipqpqeqngpqsffi.

119 2415 145 2455 25
157 2420 246 2461 mum
275 2397 377 2462 multo
407 2419 485 2462 auro
513 2333 609 2480 agtrque
637 2399 771 2480 argento
799 2334 843 2460 aii
862 2333 1048 2460 Alexandio
1076 2397 1131 2461 in-

155 2483 239 2547 lecta
266 2481 385 2546 ibidem
414 2481 533 2564 operiri
561 2481 752 2546 decreverat.
805 2479 879 2544 dein
913 2480 1033 2544 exactis
1069 2481 1133 2545 ali-

156 2571 236 2650 quot
257 2566 369 2630 diebus
391 2567 499 2650 copias
521 2588 595 2630 suas
617 2565 714 2629 armis
736 2565 876 2645 instruit.
921 2567 955 2628 at
976 2585 1131 2630 seorsum

156 2653 196 2715 ab
218 2651 366 2716 Troianis
388 2651 458 2735 ipsa
485 2651 550 2716 suis
573 2649 668 2714 modo
691 2648 899 2713 bellatoribus
921 2649 998 2712 satis
1019 2647 1131 2714 fidens

155 2737 191 2801 in
212 2755 355 2821 pugnam
375 2737 496 2821 pergit:
531 2756 631 2799 cornu
659 2733 771 2798 dextro
800 2733 990 2818 sagittariis,
1021 2734 1132 2799 altero

116 2839 142 2879 ³0
156 2821 316 2906 peditibus
338 2821 512 2902 instructo,
535 2819 656 2884 medios
679 2818 802 2902 equites
824 2817 971 2882 oollooat.
1009 2822 1134 2882 eontra

155 2907 195 2970 ab
218 2906 338 2970 nostris
359 2906 406 2969 ita
428 2925 609 2987 occursum,
632 2907 669 2967 ut
691 2901 865 2987 sagittariis
888 2900 1056 2966 Menelaus
1079 2907 1136 2967 at-

157 3011 218 3074 que
235 2988 346 3054 Ulixes
369 2995 402 3054 et
416 3011 489 3054 oum
504 2988 627 3053 Teucro
643 2985 814 3069 Meriones,
829 2984 991 3132 peditibus
1007 2985 1136 3052 Aiaces

156 3075 219 3139 duo
259 3073 431 3138 Diomedes
465 3077 692 3157 Agamemnon
729 3069 830 3154 Tlepo
844 3091 933 3134 emus
978 3073 1011 3134 et
1051 3091 1138 3136 oum

155 3157 300 3224 lalmeno
333 3157 534 3240 Ascalaphus
568 3158 822 3240 opponerentur,
855 3155 891 3218 in
923 3154 1051 3238 equites
1083 3157 1137 3220 ab

224 3365 239 3412 9
262 3363 435 3426 'Wopkensius
463 3363 507 3412 oui
533 3365 574 3412 uel
602 3361 678 3412 ouius
700 3360 818 3424 inclyta,
833 3362 876 3410 uel
897 3359 945 3424 qui
972 3355 1079 3423 inclyta
1093 3386 1141 3398 —

157 3431 232 3479 famu
257 3436 317 3478 erat
387 3435 417 3481 13
437 3430 485 3480 elli
504 3429 552 3480 ΕΒ
574 3445 643 3480 corr.
662 3429 688 3477 P
761 3429 793 3478 18
816 3427 893 3476 nulla
918 3427 940 3476 θ
1008 3429 1043 3477 30
1064 3438 1141 3490 poet

157 3495 366 3577 oolloonat‘aulpo
384 3501 477 3562 lepitor
494 3497 524 3546 in
542 3498 603 3560 quis
620 3497 696 3562 ipsa,
717 3511 781 3562 quae
800 3511 847 3548 om.
868 3493 928 3553 GB,
946 3496 973 3544 in
990 3495 1017 3544 V
1032 3495 1145 3558 lepitur

157 3579 186 3612 in
204 3577 265 3628 quis
282 3577 361 3632 rps1s.
