2416 3944
327 183 440 236 aanor
458 182 611 236 raomru
629 182 700 237 nra.
719 185 756 234 11.
982 183 1024 248 45

51 332 274 398 conditionem
306 333 421 397 hiemis
450 334 567 418 quietis
601 333 747 417 nihilque
776 333 893 397 hostile
923 335 1024 418 suspi-
1127 325 1129 330 ’
1205 335 1206 342 ’

50 418 202 482 cantibus
224 439 378 500 paravere
405 419 625 502 eruptionem,
649 419 720 500 quis
742 415 864 482 Hector
892 417 956 482 dux
978 423 1024 483 at

53 523 116 586 quc
139 501 280 569 audendi
294 506 407 567 auctor
428 502 542 567 factus.
579 503 606 566 is
628 523 768 585 namque
784 522 892 567 omncs
914 503 1024 586 copias

51 587 227 652 instructas
261 587 358 650 armis
391 608 465 650 curn
498 587 569 650 luce
607 586 702 650 simul
732 589 826 669 porta
853 585 960 650 educit
988 607 1024 651 ac

52 670 204 754 protinus
233 692 327 735 cursu
354 670 451 754 pleno
487 671 528 735 ad
554 692 653 736 naves
685 670 817 736 tendere
845 674 942 754 atque
976 671 1050 736 ins

51 754 170 819 vadere
193 755 303 820 hostes
330 755 429 819 iubet.
474 759 508 820 at
530 755 607 820 Grai
637 755 857 839 infrequentes
884 758 955 818 tum
977 755 1025 819 in·

53 839 238 922 curiosique
266 839 306 904 ab
333 840 430 904 armis
458 840 582 904 turbari
615 840 711 904 simul
748 841 781 902 et
806 837 1024 924 'fugientibus

53 945 137 1008 quos
159 923 277 1004 primos
299 923 403 988 hostis
425 924 614 1008 incesserat,
644 945 707 1007 quo
735 923 842 987 minus
865 945 954 988 arma
975 945 1025 988 ca·

77 1011 180 1090 erent,
202 1008 362 1091 impediri,
384 1011 453 1072 turn
477 1009 562 1073 caesi
584 1008 679 1073 multi
706 1008 872 1072 mortales:
895 1009 1023 1091 iamque

51 1031 135 1156 iusis
164 1092 221 1175 qui
248 1093 283 1155 in
311 1093 416 1157 medio
446 1093 590 1176 fuerant,
620 1092 742 1157 Hector
769 1092 810 1156 ad
830 1114 929 1157 naves
951 1112 1062 1179 pro-1⁰

53 1197 184 1262 gressus
205 1177 316 1261 ignem
338 1177 373 1240 in
395 1198 507 1260 proras
534 1178 638 1242 iacere
660 1198 696 1241 ac
723 1177 844 1242 saevire
866 1177 1024 1241 incendiis

51 1264 205 1345 coeperat
226 1260 318 1326 nullo
340 1265 525 1327 nostrorum
547 1283 625 1326 auso
648 1263 809 1326 resistere:
843 1260 898 1343 qui
919 1260 1025 1326 territi
1104 1333 1107 1337 ,

51 1349 152 1428 atque
180 1345 347 1428 inproviso
374 1347 516 1424 tumultu
538 1366 714 1430 exsangues
737 1345 874 1430 genibus
887 1343 1024 1408 Achillis

53 1429 211 1493 auxilium
249 1431 438 1494 rennuentis
474 1435 581 1494 tamen
621 1431 891 1494 obvolvebantur:
933 1431 1025 1493 tanta

55 1517 191 1596 repente
212 1514 350 1578 mutatio
373 1515 554 1579 animorum
576 1517 705 1580 nostros
727 1518 823 1599 atquc
845 1513 954 1577 hostes
976 1514 1024 1577 in·
1038 1530 1063 1571 15

50 1601 202 1662 cesserat.

139 1680 256 1746 XLIII.
306 1681 435 1746 Interea
476 1683 560 1746 Aiax
602 1681 808 1748 Telamonius
851 1682 1023 1746 adveniens
1085 1757 1088 1764 ἢ

53 1763 188 1851 cognito
217 1765 304 1849 apud
329 1787 428 1830 naves
456 1766 597 1832 Hectore
624 1787 743 1852 magna
771 1787 933 1830 armorum
955 1787 1025 1912 spe·

52 1851 103 1914 cie
125 1849 246 1914 ibidem
275 1851 426 1934 apparuit
452 1872 489 1915 ac
517 1850 592 1915 dein
612 1852 698 1916 mole
725 1872 783 1915 sua
804 1871 945 1934 urguens
1013 1887 1024 1898 ·

53 1938 138 2000 stem
172 1934 276 1999 multo
311 1934 427 2000 sudore
460 1934 501 1998 ad
533 1940 732 2019 postremum
765 1935 901 1998 navibus
935 1938 1025 1998 extra
1037 1951 1062 1992 20

53 2019 144 2082 vallu
162 2018 346 2084 mdetrudit.
383 2023 453 2083 tom
467 2019 532 2083 iam
548 2019 733 2084 cedentibus
748 2018 852 2082 acrior
872 2019 1024 2082 insistens

52 2101 239 2186 Hectorem,
255 2103 311 2186 qui
326 2103 480 2169 advorsus
495 2125 569 2167 eum
582 2107 752 2186 promptos
767 2105 909 2184 steterat,
924 2101 1024 2186 ictum

53 2186 181 2251 inmani
203 2208 280 2252 saxo
303 2207 339 2251 ac
362 2209 437 2252 mox
460 2190 701 2252 consternatum
723 2186 837 2263 deicit„
873 2184 928 2250 sed
951 2206 1024 2250 cnm

51 2273 283 2336 concurrentes
306 2271 448 2356 undique
462 2272 594 2355 plurimi
609 2271 816 2336 multitudine
831 2293 889 2336 sua
903 2274 1024 2336 tectum

51 2355 142 2420 bello
165 2358 262 2438 atque
283 2356 395 2420 Aiacis
414 2356 563 2421 manibus
586 2356 742 2440 eripiunt,
769 2356 1023 2438 seminecemque
1036 2372 1062 2414 25
1116 2431 1118 2436 ,

52 2440 145 2504 intra
165 2461 275 2504 muros
296 2439 407 2504 ferunt
436 2440 519 2505 male
546 2461 702 2524 prospera
723 2439 893 2523 eruptione
915 2439 1025 2504 adver-

2 2531 13 2557 '·
52 2545 109 2588 sus
132 2521 243 2588 hostes
264 2546 367 2588 usum.
405 2529 547 2590 ceterum
572 2525 656 2590 Aiax
678 2525 804 2590 saevior
826 2525 867 2589 ob
883 2527 1024 2608 ereptam

2 3580 31 3634 k

53 2630 72 2672 c
95 2607 246 2672 manibus
268 2608 406 2693 gloriam
434 2609 611 2693 adsumptis
632 2609 698 2674 iam
719 2608 875 2675 Diomede
898 2611 930 2672 et
952 2629 1026 2674 cum

51 2691 231 2756 Idomeneo
260 2694 358 2758 Aiace
387 2694 489 2758 altero
523 2695 653 2758 territos
682 2693 905 2777 dispersosque
934 2692 1025 2775 sequi

52 2797 94 2841 ac
121 2775 286 2862 fugientes
312 2798 399 2842 nunc
426 2778 493 2842 telo
511 2779 651 2846 ‚eminus
680 2781 898 2861 prosternere,
928 2775 1024 2841 modo
1037 2797 1062 2836 a

51 2860 274 2944 adprehensos
296 2862 441 2927 obterere
464 2863 560 2927 armis
574 2883 706 2947 prorsus
727 2861 828 2944 nullo,
852 2860 908 2945 qui
929 2861 965 2924 in
984 2881 1025 2924 ea

50 2949 148 3030 parte
169 2945 285 3029 fuerat,
307 2947 439 3012 intacto.
483 2947 568 3012 inter
591 2967 672 3030 quac
695 2949 761 3010 tam
783 2944 909 3028 trepida
928 2941 1024 3009 Glau-

51 3051 110 3095 cus
131 3029 331 3114 Hippolochi
353 3029 520 3115 Sarpedon
539 3035 635 3116 atque
650 3032 870 3114 Asteropoeus
893 3029 933 3093 ad
957 3049 1025 3094 mo-

51 3114 194 3180 randum
214 3115 341 3180 hostem
362 3115 526 3200 paulisper
547 3117 617 3181 ausi
645 3115 793 3180 resistere
814 3135 890 3179 mox
914 3113 1024 3177 vulne·

123 3322 175 3370 ia
194 3319 367 3387 fugientibus
389 3321 416 3370 V
481 3321 497 3370 8
522 3321 625 3386 primus
648 3319 720 3382 libri,
749 3318 900 3370 Perizonius
922 3317 1023 3382 primos

55 3390 89 3438 19
107 3387 180 3439 mole
201 3389 222 3440 (ι’
260 3388 390 3439 molestia
407 3388 433 3438 B
468 3388 539 3438 mole
559 3403 609 3438 sua
627 3389 696 3454 quod
710 3388 847 3452 proposuit
870 3384 1021 3447 Obrecttur,

53 3455 199 3588 ζιὲξίἰῦγθ
234 3457 267 3506 20
284 3459 355 3522 culpo
373 3458 465 3519 lepitur
483 3472 500 3506 a
519 3455 638 3506 nauibus
656 3461 747 3505 contra
765 3454 844 3504 libros
898 3453 931 3502 33
950 3455 1023 3502 aste·
