2414 3946
178 169 217 232 16
440 183 489 230 nn
512 182 574 230 nm
596 181 730 230 ueram
753 180 828 230 cnr.
845 183 879 229 x.

176 324 254 384 xime
275 316 389 384 videtur
416 320 571 384 accedere.
608 319 655 382 alii
675 322 754 382 enim
775 319 925 400 plerique,
952 337 1022 382 cum
1044 339 1155 384 omnes

176 414 279 485 partus
293 424 353 467 non
375 423 435 467 uno
452 413 585 486 tempere
599 405 671 466 fiant
686 407 809 476 maturi,
832 412 1005 466 nontamen
1028 406 1155 468 eadem·

178 511 235 570 que
250 499 385 570 tempora
408 489 546 550 omnibus
562 491 783 552 conformandis
806 490 966 560 dederunt;
990 497 1024 550 ut
1041 491 1154 569 Dioge·

177 594 232 638 nes
245 574 461 654 Apolloniates,
484 576 536 652 qui
552 574 689 636 masculis
710 593 819 653 corpus
840 576 880 634 ait
900 581 1040 653 quattuor
1064 593 1154 637 men-

177 660 259 722 sibus
274 661 397 722 formari
412 667 441 720 et
455 659 573 720 leminis
589 661 733 738 quinque,
756 657 801 719 vel
818 659 951 738 Hippon,
974 659 1025 737 qni
1041 659 1178 722 diebust

177 759 225 806 nx
252 744 395 806 infantem
417 743 521 806 scribit
541 743 678 812 formari,
710 755 740 804 et
759 751 866 823 quarto
893 760 995 804 mense
1024 761 1152 806 carnem

176 831 241 890 fieri
257 836 440 898 concretam,
463 831 566 908 quinto
582 845 695 906 ungues
710 826 885 906 capillnmve
900 829 995 897 nasci,
1017 831 1151 906 septimo

143 916 234 977 eiam
257 914 407 974 hominem
429 931 493 974 esse
514 915 698 990 perlectum:
726 913 909 992 Pythagorae
929 919 1043 982 autem,
1069 913 1152 991 quod

177 1004 242 1060 erat
261 997 448 1067 credibilius,
475 998 547 1058 dixit
572 1005 675 1076 partus
696 1013 761 1058 esse
782 1013 892 1075 genera
913 997 987 1068 duo,
1019 995 1150 1058 alterurn
1195 1051 1196 1086 p

177 1089 290 1161 septem
307 1099 452 1153 mensum,
469 1081 594 1143 alterum
610 1082 723 1153 decem,
738 1081 790 1142 sed
802 1081 934 1161 priorem
948 1081 1012 1142 aliis
1029 1080 1150 1142 dierum
1167 1093 1188 1141 10

176 1167 309 1228 numeris
326 1166 514 1242 conformari,
531 1166 595 1228 aliis
609 1168 817 1246 posteriorem.
851 1183 901 1227 eos
915 1183 986 1228 vero
1002 1183 1150 1228 numeros

177 1253 226 1329 qui
243 1253 275 1312 in
289 1269 350 1313 uno
364 1269 482 1332 quoque
497 1258 585 1330 partu
600 1250 708 1331 aliquid
725 1251 864 1312 adferunt
878 1252 1057 1322 mutationis,
1077 1251 1149 1312 dum

177 1345 228 1398 aut
250 1354 353 1398 semen
375 1338 405 1397 in
419 1337 594 1414 sanguinem
615 1344 666 1397 aut
680 1337 800 1414 sanguis
820 1337 851 1396 in
867 1353 988 1397 carnem
1009 1342 1062 1396 aut
1078 1355 1149 1397 caro

175 1423 205 1480 in
227 1420 356 1482 hominis
375 1421 500 1500 liguram
524 1422 719 1492 convertitur,
749 1421 826 1482 inter
847 1437 879 1482 se
900 1419 1033 1482 conlatos
1054 1423 1149 1482 ratio·

176 1523 245 1566 nam
270 1504 382 1566 habere
409 1523 474 1566 eam
503 1523 591 1584 quam
617 1523 704 1568 voces
730 1504 841 1566 habent
867 1523 943 1583 quae
970 1507 999 1566 in
1027 1507 1144 1567 musice
1162 1517 1186 1563 ιο

176 1585 345 1665 (ύμφωνοι
359 1595 511 1650 vocantur.

125 1679 163 1739 10
240 1671 298 1733 Sed
314 1673 387 1734 haee
404 1689 461 1751 qno
477 1675 538 1733 sint
551 1672 702 1758 intellectp
717 1675 881 1753 apertiora,
897 1676 979 1754 prius
994 1672 1096 1752 aliqua
1114 1675 1148 1735 de

175 1757 306 1818 musicae
321 1756 433 1836 regulis
448 1757 518 1818 huic
536 1756 602 1818 loco
618 1760 785 1820 necessaria
801 1758 950 1828 dicentur,
973 1778 1008 1820 eo
1025 1759 1147 1838 quidem

175 1842 283 1919 magis,
315 1843 393 1922 quod
420 1860 454 1904 ea
476 1842 571 1904 dicam
599 1861 675 1921 quae
702 1844 773 1922 ipsis
800 1845 919 1904 musicis
944 1845 1046 1922 ignota
1067 1855 1146 1906 sunt.

142 1937 245 1987 anam
267 1943 357 1987 sonos
379 1928 508 1989 scienter
529 1934 692 1989 tractavere
710 1936 740 1989 et
760 1929 935 2006 congruenti
955 1927 1063 1988 ordine
1078 1930 1146 1990 red·
1164 1937 1188 1986 no

176 2009 279 2073 didere
294 2011 413 2074 illorum
430 2036 459 2082 a,
478 2012 549 2090 ipsis
565 2018 662 2074 autem
679 2015 758 2073 sonis
774 2020 906 2076 motuum
923 2013 1045 2074 modum
1061 2031 1146 2075 men·

142 2107 157 2157 e
175 2113 335 2176 suramque
354 2098 496 2158 invenere
512 2104 680 2173 geometrae
695 2099 788 2174 magis
804 2115 891 2176 quam
907 2097 1021 2158 musici.
1053 2099 1146 2175 igitur

175 2181 287 2240 musica
310 2187 356 2242 est
374 2181 496 2243 scientia
518 2180 596 2243 bene
620 2180 806 2243 modulandi:
830 2181 903 2244 haec
925 2191 1024 2244 antem
1047 2185 1145 2243 estin

138 2333 141 2340 ἱ
175 2281 261 2324 voce:
286 2264 338 2324 sed
361 2283 415 2326 vox
436 2265 507 2327 alias
528 2266 645 2344 gravior
668 2269 807 2337 mittitur,
829 2266 901 2329 alias
922 2268 1048 2328 acutior.
1087 2270 1143 2328 sin-

174 2345 261 2424 gulae
276 2354 376 2410 tamen
386 2368 474 2412 voces
485 2351 632 2430 simplices
648 2361 678 2413 et
692 2359 852 2430 utcumque
867 2353 992 2415 emissae
1003 2349 1144 2430 φθόγγοι
1161 2360 1188 2407 25

176 2439 332 2494 vocantur:
356 2433 514 2497 discrimen
530 2454 615 2506 vero,
632 2453 691 2515 quo
706 2435 781 2497 alter
796 2434 942 2516 φθόγγος
957 2438 1074 2498 acutior
1090 2447 1140 2505 est,

140 2527 157 2574 4
175 2515 248 2577 alter
269 2520 399 2595 gravior,
423 2519 588 2599 appellatur
608 2519 769 2598 διάετημα.
813 2523 889 2582 inter
909 2521 1042 2582 infimam
1063 2540 1141 2584 suin-

174 2619 313 2681 mamque
324 2621 426 2668 vocem
438 2603 529 2666 multa
545 2622 611 2668 esse
625 2611 749 2685 possunt
764 2607 793 2666 in
810 2607 913 2668 ordine
925 2608 1021 2685 posita
1037 2603 1138 2687 [quae]

175 2685 345 2748 diastemata
367 2687 422 2749 alia
443 2686 506 2750 aliis
527 2689 640 2752 maiora
663 2691 830 2761 minorave,
854 2697 886 2751 ut
908 2697 952 2752 est
973 2690 1048 2752 illud
1064 2691 1138 2770 quod

175 2875 375 2886 -—-—-—

241 2993 265 3041 1.
285 3004 371 3044 omues
390 3007 426 3042 eoo
443 3005 549 3058 omues,
567 2999 689 3044 incertum
706 3011 740 3044 aa
757 3011 774 3044 a
792 2997 860 3058 1m.,
878 2996 903 3042 Il
971 2997 997 3046 4.
1019 2995 1138 3062 appollo·

172 3058 263 3110 niates
286 3059 312 3108 V
373 3061 397 3110 5.
415 3060 527 3126 hyppon
548 3062 575 3112 V
635 3065 660 3113 7.
679 3061 862 3128 capillumque
879 3065 951 3126 culpo
1016 3066 1059 3117 11.
1078 3079 1137 3116 con·

108 3158 111 3162 -
172 3128 333 3178 ramneniD
403 3129 443 3178 12.
463 3127 585 3194 antiquio
603 3130 628 3179 D
697 3130 791 3180 ferunt
818 3131 843 3180 V
910 3131 950 3182 17.
975 3145 1137 3195 quosiureu·

172 3209 261 3246 neouu
273 3195 297 3245 D
350 3195 391 3246 21.
410 3197 511 3246 iunoni
523 3197 584 3258 DV,
600 3196 712 3248 illorum
724 3193 860 3262 ἁρμονίαν
872 3201 938 3250 oeni.
952 3199 1135 3256 Lachmannnr,

172 3261 321 3328 illosmdpo
375 3275 488 3314 mentum
507 3265 532 3314 D
601 3267 642 3316 22.
663 3269 863 3332 neomeniam,
883 3269 950 3318 unde
968 3268 1135 3333 geometriae

172 3328 234 3390 fecit
260 3346 291 3382 m.
319 3331 494 3382 recentissime
561 3333 603 3383 25.
631 3333 749 3396 mdonroi
772 3337 797 3384 D
820 3341 845 3384 et
871 3335 899 3384 V
924 3351 995 3388 corr.
1023 3352 1055 3386 m.
1078 3351 1134 3396 rec,

173 3395 320 3455 amdonroc
346 3399 373 3448 V
378 3397 387 3430 1
456 3401 498 3450 26.
520 3400 646 3462 φθοογοε
663 3401 688 3449 D
711 3408 737 3452 et
758 3403 785 3451 V
800 3417 868 3456 corr.
887 3418 918 3453 m.
937 3419 1004 3464 rec„
1030 3405 1135 3468 πφθοο-

174 3472 218 3509 roc
241 3460 278 3508 V1
349 3467 389 3516 28.
409 3478 480 3528 quaa
497 3469 601 3518 seclusit
618 3467 716 3520 ladano
785 3471 825 3520 29.
844 3484 926 3520 runnu
943 3472 968 3520 D
