2416 3944
175 192 215 256 10
479 191 611 242 DIO'I'YS
631 188 833 242 susannem

173 340 446 410 lacedaemonum
474 341 622 421 redeunt,
652 339 691 404 de
713 337 839 403 Helena
867 339 998 422 eiusque
1027 341 1143 404 volun·

173 431 239 490 tate
261 429 404 508 narrant,
427 424 503 490 dein
516 423 638 488 Priami
659 423 863 506 filiorumque
885 423 953 487 eius
970 423 1141 488 adversum

173 531 206 575 se
240 511 324 574 dicta
358 513 526 595 gestaque:
562 507 682 592 grande
716 507 923 592 praeconium
956 508 1032 572 fidei
1065 531 1142 594 erga

174 595 297 679 legatos
319 595 495 659 Antenoris
521 591 749 676 praeferentes.
793 612 874 675 quae
902 592 959 656 ubi
981 613 1141 676 accepere,

149 679 370 761 sdecernitur,
399 679 447 742 uti
474 677 595 763 singuli
621 677 656 740 in
684 676 856 741 suislocis
878 681 974 760 atque
997 677 1141 760 imperiis

174 785 251 846 opes
280 763 356 827 belli
383 766 507 846 parent.
552 761 652 846 igitur
680 781 719 824 ex
746 761 872 825 consilii
899 762 1061 826 sententia
1089 784 1142 844 op-

173 853 331 931 portunus
353 847 443 912 locus
458 845 498 910 al
513 845 778 926 conveniendum,
802 849 834 909 et
854 846 890 908 in
905 845 1024 928 quode
1045 868 1142 930 appa·

173 936 245 997 ratu
262 932 338 996 belli
353 954 372 996 a
394 935 510 1014 eretur,
523 931 615 1015 Argi,
631 927 797 994 Diomedis
811 950 957 1015 regnum,
979 929 1141 1016 deligitur.

257 1015 346 1080 XIH.
372 952 434 1079 lu
460 1015 516 1078 ubi
543 1019 669 1097 tempus
696 1013 801 1078 visum
829 1018 891 1097 est,
924 1015 1048 1097 primus
1077 1037 1143 1078 om·

136 1122 161 1162 ¹⁰
173 1100 391 1249 tarint
391 1100 577 1250 affl
593 1099 737 1248 ,llffllz
761 1100 1034 1248 aestimate?
1058 1100 1142 1247 lt}

551 1235 559 1266 ,
1026 1233 1034 1247 .

174 1269 261 1334 haud
286 1270 389 1334 multo
421 1273 495 1352 post
522 1269 711 1333 Idomeneus
744 1271 777 1331 et
804 1265 981 1350 Meriones,
1017 1289 1141 1332 summa

174 1356 259 1419 inter
281 1375 313 1418 se
336 1352 438 1419 iuncti
461 1352 640 1418 concordia.
679 1372 789 1416 eorum
812 1373 871 1436 ego
894 1358 1023 1416 secutus
1046 1353 1142 1416 comi-

175 1443 279 1502 tatum
307 1460 345 1502 ea
395 1439 516 1522 uidem,
545 1460 626 1522 quae
659 1440 755 1501 antea
787 1435 872 1518 apud
894 1435 1025 1503 Troiam
1053 1441 1142 1522 gesta

137 1541 162 1582 15
175 1527 265 1604 sunt,
294 1523 335 1585 ab
358 1461 453 1586 [llixe
481 1545 518 1587 co
569 1523 611 1586 'ta
639 1543 735 1604 quam
763 1520 1008 1605 diligentissime
1029 1543 1067 1595 re
1084 1521 1140 1584 uli:

176 1612 208 1670 et
236 1605 374 1689 reliqua,
405 1627 486 1690 quae
515 1543 577 1668 dm

175 1691 243 1774 ipse
266 1689 400 1754 interfui
423 1712 519 1774 quam
547 1693 846 1772 veriss1mepotero
870 1711 1040 1772 exponam.
1086 1691 1141 1774 igi·

174 1779 228 1840 tur
249 1778 323 1856 post
345 1796 410 1857 eos,
433 1794 514 1856 quos
537 1796 634 1858 supra
654 1774 911 1856 memoravimus,
927 1773 1049 1838 Nestor
1072 1796 1142 1838 oum

175 1857 353 1923 Antilocho
377 1863 410 1923 et
424 1857 648 1942 Thrasymede,
672 1878 752 1940 quos
767 1858 929 1922 Anaxibia
949 1862 1140 1942 susceperat,

138 1963 163 2001 ao
177 1943 377 2026 supervenit:
407 1963 461 2007 eos
487 1941 644 2006 Peueleus
678 1943 841 2006 insecutus
869 1962 942 2005 oum
971 1940 1086 2008 Olcnio
1115 1949 1144 2005 et

66 2083 70 2088 .
176 2027 341 2092 Arcesilao
364 2026 621 2112 consanguineis,
644 2025 718 2089 dein
740 2024 944 2090 Prothoenor
972 2029 1006 2089 et
1033 2025 1142 2092 Leitus

176 2111 332 2177 Boeotiae
353 2112 525 2194 principes,
548 2111 688 2194 itemque
704 2108 857 2174 Schedius
880 2114 913 2174 et
926 2109 1142 2196 Epistrophus

175 2196 368 2276 Phocenses,
384 2194 584 2277 Ascalaphus
607 2197 639 2258 et
652 2193 813 2258 Ialmenus
830 2193 1052 2258 Orchomenii:
1077 2200 1143 2260 tum

176 2279 293 2342 Diores
309 2282 341 2342 et
355 2277 466 2362 Meges
482 2299 520 2341 ex
533 2277 657 2360 Phyleo
673 2278 809 2363 genitis,
824 2276 931 2342 Thoas
946 2300 986 2342 ex
1000 2279 1143 2344 Andrae-

139 2380 165 2422 25
178 2384 288 2443 mons,
310 2361 379 2428 Eur
422 2362 494 2446 ylus
515 2361 712 2426 Euaemonis
736 2365 893 2426 Ormeaius
918 2366 951 2426 et
972 2361 1142 2428 Leonteus.

261 2445 350 2511 XIV.
421 2449 472 2510 ost
504 2466 584 2527 quos
617 2445 761 2510 Achilles
793 2445 883 2510 Pelei
922 2450 956 2510 et
988 2446 1143 2529 Thetidis,

177 2552 258 2614 quae
290 2553 329 2595 ex
352 2529 493 2595 Chirone
521 2529 695 2596 dicebatur.
743 2529 797 2594 hic
830 2530 866 2593 in
897 2531 1010 2614 primis
1039 2531 1144 2596 adule-

177 2615 316 2680 scentiae
339 2615 447 2698 annis,
463 2635 629 2698 procerus,
653 2614 768 2689 decora
789 2613 885 2698 facie,
908 2615 1014 2680 studio
1037 2637 1144 2680 rerum

176 2699 364 2764 bellicarum
386 2721 497 2764 omnes
519 2700 584 2763 iam
606 2703 676 2762 tum
704 2699 822 2763 virtute
850 2704 945 2783 atque
968 2700 1074 2784 gloria
1098 2724 1144 2765 su-

140 2801 165 2842 30
177 2784 320 2869 perabat,
342 2805 447 2867 neque
469 2788 578 2848 tamen
600 2782 710 2846 aberat
732 2783 772 2847 ab
795 2803 832 2847 eo
855 2784 903 2848 vis
919 2784 1077 2867 quaedam
1100 2786 1145 2849 in·

178 2869 324 2934 consulta
352 2872 385 2932 et
413 2868 509 2932 effera
530 2889 656 2932 morum
684 2867 885 2950 inpatientia.
930 2889 1003 2934 cum
1026 2891 1063 2934 eo
1089 2869 1145 2934 Ps-

245 3005 313 3056 xm
330 3005 426 3057 uara.
447 3009 496 3058 134
514 2991 630 3057 serien.
649 3005 671 3055 P
690 3007 739 3055 127

246 3122 429 3175 ‘lcouendum
449 3121 481 3174 (ἰ1
550 3123 711 3188 8diligitnr
730 3122 759 3176 G.
773 3138 843 3174 corr.
862 3125 885 3172 1.
903 3139 935 3177 m.
1006 3127 1035 3174 ll
1055 3130 1145 3176 tenter

180 3193 210 3243 G.
232 3208 247 3241 c
265 3195 291 3242 2.
308 3207 338 3243 m.
356 3207 413 3255 sup.
432 3205 484 3240 sor.
555 3193 588 3241 20
607 3190 691 3254 clytio
709 3190 779 3252 libri,
803 3191 942 3241 Merserat
962 3200 989 3242 et
1007 3191 1145 3243 Otrecuau

179 3259 276 3310 Olonio
316 3256 470 3310 archesilao
499 3258 521 3308 G
561 3257 712 3308 arthesilao
739 3255 764 3306 B
860 3259 893 3306 21
920 3259 1072 3324 prothenor
1101 3260 1145 3311 ΕΒ

178 3325 396 3377 22scediusGB
448 3328 480 3376 23
493 3325 621 3376 focenses
633 3324 681 3374 GB
710 3325 835 3376 ismenus
849 3324 897 3376 GB
947 3328 1085 3378 24meoes
1101 3327 1144 3378 GB

178 3393 288 3458 pileoli
323 3392 440 3458 peleoB
503 3395 536 3443 25
555 3393 721 3450 andromone
736 3391 783 3442 GR
818 3392 1034 3446 euhaemonisG
1068 3395 1145 3444 enhe-

179 3461 269 3510 monis
286 3459 312 3508 B
351 3459 541 3510 orchomenias
561 3459 608 3510 GB
630 3475 699 3510 corr.
718 3459 854 3510 Mercerus
923 3463 954 3512 31
977 3466 1006 3511 et
1023 3477 1070 3512 om.
1090 3463 1144 3524 ΕΒ,

180 3527 316 3578 Mercerus
333 3543 383 3578 non
401 3531 465 3578 mule
482 3529 618 3591 proposuit
636 3531 664 3576 et
682 3526 751 3576 fera.

536 1626 664 1703 emceps
697 1605 842 1668 insecuta
869 1609 958 1688 sunt,
988 1607 1141 1689 quoniam
