2414 3946
172 190 214 256 48
410 207 457 254 nn
480 207 541 254 nne
564 206 697 268 nnrntr
719 207 794 255 cnr.
810 208 897 255 xxrr.

142 345 255 408 alecti.
299 346 427 406 maiores
448 364 566 426 quoque
588 348 681 407 nostri
703 347 780 408 idem
802 353 871 405 sunt
892 345 1046 417 aemulati,
1078 366 1148 408 cum

175 447 285 492 annum
307 430 423 491 dierum
444 442 553 491 ccccv
579 431 733 492 haberent.
778 430 829 491 sed
851 430 939 491 Divus
962 430 1058 492 lulius
1080 449 1148 492 cum

173 514 288 576 videret
307 514 364 575 hac
385 516 500 575 ratione
519 534 617 596 neque
638 514 674 576 ad
695 516 795 578 lunam
811 532 944 583 menses,
972 522 1004 574 ut
1026 525 1149 594 oporte-

175 599 241 673 bat,
258 615 355 678 neque
370 616 464 659 annos
479 599 516 660 ad
532 599 623 660 solem
640 602 815 668 convenire,
831 598 935 660 maluit
949 617 1065 662 annum
1082 619 1148 661 cor-

174 687 289 762 rigere,
320 690 353 743 ut
372 685 415 746 sic
437 684 524 745 etiam
548 702 665 746 menses
687 683 785 746 civiles
806 701 875 744 cum
895 685 972 745 veris
993 682 1053 745 illis
1069 685 1175 746 sola-5

174 769 273 839 ribuS,
304 769 358 828 etsi
381 785 439 828 non
463 768 585 847 singuli,
617 776 714 831 tamen
736 769 864 829 universi
894 767 930 829 ad
957 771 1030 829 anni
1058 770 1149 831 tinem

175 854 344 914 necessario
360 861 584 914 concurrerent.

141 946 157 994 e
240 937 363 997 Nomina
391 936 493 998 decem
519 937 672 999 mensibus
698 937 827 1016 antiquis
851 935 1010 998 Romulum
1041 937 1149 999 fecisse

175 1020 296 1082 Fulvius
317 1028 346 1080 et
360 1019 462 1081 lunius
483 1029 619 1083 auctores
640 1029 718 1083 sunt.
750 1030 780 1084 et
801 1019 919 1100 quidem
936 1021 1011 1083 duos
1033 1024 1148 1102 primos

176 1125 192 1166 a
218 1104 390 1183 parentibus
418 1107 479 1166 suis
505 1109 688 1178 nominasse,
719 1108 858 1169 Martium
888 1124 904 1165 a
929 1105 1026 1166 Marte
1053 1115 1186 1186 patrem

175 1187 306 1268 Aprilem
323 1188 359 1250 ab
375 1189 550 1269 Aphrodite,
576 1191 606 1251 id
623 1200 667 1253 est
681 1191 810 1261 Venere,
837 1189 917 1250 unde
932 1191 1066 1252 maiores
1088 1194 1147 1254 eius

176 1273 296 1336 oriundi
317 1273 500 1335 dicebantur.
548 1277 698 1355 proximos
719 1277 794 1337 duos
814 1293 829 1335 a
846 1273 973 1352 populo,
999 1275 1112 1337 Maium
1133 1297 1146 1336 a

176 1358 340 1421 maioribus
355 1366 439 1429 natu,
460 1359 578 1420 lunium
594 1379 610 1421 a
625 1361 800 1423 iunioribus,
846 1365 961 1419 ceteros
982 1358 1020 1419 ab
1045 1361 1146 1421 ordine

177 1462 236 1521 quo
257 1443 364 1522 singuli
385 1449 481 1514 erant,
510 1442 666 1513 Quintilem
689 1463 783 1524 usque
803 1442 999 1506 Decembrem
1022 1442 1146 1522 perinde

128 1536 159 1585 10
177 1547 193 1588 a
209 1545 343 1588 numero.
375 1530 468 1590 Varro
484 1536 582 1590 autem
599 1530 747 1592 Romanos
768 1550 784 1592 a
799 1529 910 1590 Latinis
926 1529 1049 1590 nomina
1066 1548 1146 1593 men·
1164 1537 1187 1586 tt

178 1630 243 1673 sum
260 1613 410 1690 accepisse
422 1612 581 1675 arbitratus
596 1624 733 1676 auctores
745 1633 849 1676 eorum
861 1613 1047 1692 antiquiores
1061 1632 1149 1693 quam

129 1703 160 1753 11
179 1695 284 1757 urbem
300 1697 390 1758 fnisse
406 1698 476 1758 satis
497 1707 602 1777 argute
616 1699 711 1760 docet.
742 1701 841 1781 itaque
856 1698 994 1758 Martium
1011 1715 1150 1762 mensem

179 1799 195 1842 a
211 1780 304 1841 llarte
319 1781 439 1860 quidem
455 1785 638 1844 nominatum
654 1784 763 1855 credit,
786 1801 845 1845 non
861 1783 930 1861 quia
944 1781 1071 1844 Romuli
1087 1785 1150 1846 fuc-

178 1865 218 1926 rit
232 1872 332 1943 pater,
354 1866 405 1927 sed
422 1867 500 1945 quod
516 1885 588 1946 gens
603 1868 704 1930 Latina
719 1867 869 1930 bellicosa.
900 1864 1033 1945 Aprilem
1051 1877 1150 1930 autem

177 1967 236 2010 non
261 1950 297 2012 ab
318 1951 495 2028 Aphrodite,
526 1952 577 2013 sed
599 1951 636 2014 ah
658 1955 833 2032 aperiendo,
857 1950 935 2034 quod
958 1957 1032 2012 tunc
1056 1952 1152 2014 terme
1167 1960 1190 2008 ru

178 2041 282 2096 cuncta
313 2037 471 2114 gignantur
506 2043 536 2097 et
564 2037 703 2100 nascendi
733 2038 861 2100 claustra
890 2035 1002 2114 aperiat
1032 2043 1152 2100 natura.

128 2125 159 2174 12
177 2117 285 2180 Maium
307 2138 377 2181 vero
398 2139 459 2181 nou
480 2139 496 2182 a
518 2121 693 2194 maioribus,
724 2123 777 2184 sed
798 2143 815 2184 a
835 2123 910 2184 llaia
930 2138 1043 2182 nomen
1066 2141 1152 2184 acre·

177 2205 270 2282 pisse,
301 2204 380 2282 quod
403 2222 438 2267 eo
459 2223 561 2267 mense
581 2213 640 2267 tam
661 2207 773 2268 Romae
794 2226 883 2289 quam
903 2213 988 2265 antea
1010 2207 1043 2266 in
1065 2206 1152 2268 Latio

177 2305 227 2348 res
247 2287 344 2348 divina
366 2289 458 2350 Maiae
480 2290 512 2350 fit
533 2296 562 2350 et
580 2290 736 2354 Mercurio.
781 2293 897 2355 lunium
919 2307 1039 2370 quoque
1064 2309 1081 2352 a
1103 2291 1151 2352 lu-

178 2388 256 2432 none
277 2373 376 2449 petius
397 2390 485 2451 quam
504 2374 686 2447 iunioribus,
717 2376 796 2456 quod
818 2377 868 2439 illo
891 2391 995 2437 mense
1016 2378 1190 2437 marimens

128 2461 161 2513 13
178 2455 284 2516 Iunoni
299 2456 429 2520 honores
444 2459 598 2521 habentur.
629 2458 799 2532 Quintilem,
815 2462 893 2543 quod
909 2460 974 2519 loco
990 2459 1053 2520 iam
1070 2462 1153 2540 apud

178 2541 297 2602 Latinos
316 2542 406 2603 luerit
426 2545 542 2622 quinto,
564 2546 636 2606 item
659 2545 799 2609 Sextilem
820 2566 854 2608 ac
874 2546 1015 2622 deinceps
1036 2545 1077 2606 ad
1093 2545 1151 2608 De·

178 2623 330 2686 cembrem
356 2645 372 2687 a
398 2629 530 2690 numeris
556 2628 727 2708 appellatos.
773 2639 905 2696 ceterum
926 2629 1100 2696 Ianuarium
1125 2639 1153 2692 et

245 2917 269 2964 2.
294 2914 404 2966 harenc
425 2915 484 2965 DV
548 2919 572 2968 3.
594 2932 712 2968 serrone
735 2932 808 2982 quae
833 2919 865 2971 ab
887 2922 945 2979 DV
1009 2934 1034 2983 4,
1061 2949 1154 2987 annos

176 2983 302 3041 Halmius,
321 2983 469 3045 ennoDV,
488 2998 589 3034 annum
606 2989 678 3050 culpo
746 2985 856 3054 maluit]
877 2998 957 3050 amun
969 3001 994 3049 D
1068 3005 1097 3058 5,
1114 3005 1155 3054 ci.

176 3048 445 3108 vilesLacdmunnus‚
464 3053 587 3102 uenDV
652 3055 676 3103 l.
695 3069 878 3108 concurrere
895 3067 920 3114 D
991 3069 1032 3118 12.
1057 3085 1077 3120 a
1092 3079 1155 3136 post

176 3118 281 3166 Maium
298 3133 344 3168 om.
368 3118 395 3167 V
461 3121 500 3170 13.
519 3134 631 3170 carenos
649 3121 707 3170 DV
772 3123 813 3172 16.
832 3141 1031 3185 aanrrnanrun
1051 3137 1089 3196 D,
1110 3155 1153 3189 ῃ.

178 3183 297 3235 bitratur
314 3187 373 3245 dV,
392 3200 461 3236 corr.
477 3186 574 3238 Iolaus
626 3203 749 3239 acaunus
767 3191 801 3254 D,
826 3203 974 3252 aucoresd
1044 3206 1092 3258 17,
1111 3222 1154 3256 gr.

178 3257 244 3315 gule
258 3251 359 3311 Gamo,
378 3267 462 3304 arsut
478 3255 511 3314 D,
531 3255 616 3306 arkiti
633 3258 658 3316 d,
678 3256 771 3321 arkyti
786 3261 814 3311 V
879 3269 921 3320 20,
941 3269 1080 3323 mom
1099 3275 1153 3324 DV

178 3321 315 3399 perrel),
334 3321 517 3388 fereVoutpc
585 3325 627 3375 25.
647 3331 818 3384 mortmaeD
887 3337 929 3392 26,
950 3351 1021 3388 ωηο
1040 3352 1100 3390 tam
1119 3343 1153 3400 p,

178 3402 264 3451 lotam
287 3405 312 3452 V
378 3409 420 3460 27.
439 3411 586 3473 quintum.
605 3415 702 3463 recia
720 3414 787 3469 Din
805 3436 858 3470 ras.
932 3434 1047 3472 sexrme
1069 3425 1096 3473 D

179 3467 220 3517 28.
239 3481 327 3518 numia
347 3486 525 3538 appennaruo
544 3477 568 3524 D
