2424 3938
478 219 727 284 PRAEFATIO.
1001 251 1097 298 XXVH

106 374 171 437 bus
192 374 332 456 plurima
354 375 536 455 narrantur,
559 373 648 438 deest
671 373 844 458 descriptio
866 373 1021 438 Merionis
1044 374 1094 439 vel
1207 439 1208 442 ,

102 462 214 548 potius
238 463 323 546 quod
346 461 573 526 animadvertit
585 460 815 548 1111111111)
840 483 878 526 ea
891 484 989 547 quam
1003 462 1096 526 affert

104 548 210 614 Dares
233 549 278 635 (p.
304 552 354 634 17,
377 551 412 634 5)
439 549 611 615 Machaoni
638 552 714 615 data
741 555 791 616 est
820 549 862 636 (v.
885 547 997 635 5245),
1020 554 1096 634 post

104 637 267 702 Helenam
290 639 513 704 describuntur
536 637 650 704 Graeci
673 637 716 723 (r.
739 639 841 724 5121)
869 639 1095 724 Agamemnon

102 725 273 792 Menelaus
282 727 425 792 Achilles
441 727 565 812 reliqui,
579 729 642 794 alio
653 728 763 794 ordine
787 732 883 812 atque
896 728 982 812 apud
995 727 1094 792 Dare-

101 818 182 879 tem.
212 815 328 880 Merito
342 819 439 899 poeta
453 839 548 901 quem
563 817 696 892 offendit
709 817 795 902 quod
808 815 981 900 Briseidae,
1004 817 1094 880 cuius

103 901 212 969 forma
233 903 378 989 pingitur
400 927 431 988 p.
457 907 506 989 17,
530 907 550 970 3
574 906 616 990 (v.
639 905 741 991 5251)
765 906 842 970 alibi
865 905 985 970 mentio
1009 904 1095 969 facta

104 994 158 1056 est
180 992 282 1075 nulla,
307 993 463 1076 optimam
478 996 510 1058 11
533 995 772 1059 celeberrimam
794 994 1027 1078 digressionem
1055 992 1093 1056 de

104 1101 147 1144 ea
179 1080 269 1144 addit
301 1103 382 1165 qnae
419 1082 645 1149 ardentissimo
683 1104 791 1156 amore
823 1081 925 1148 Troili
961 1081 1095 1164 impleta
1207 1083 1208 1086 ’

104 1167 272 1253 (1.13235
288 1168 370 1255 sqq.)
384 1173 498 1254 postea
511 1193 584 1236 curn
598 1176 713 1257 rogatu
727 1172 829 1256 patris
840 1169 1024 1236 Calchantis
1039 1170 1094 1254 qui

101 1257 147 1320 ad
162 1255 301 1323 Graecos
315 1260 486 1323 transierat
499 1259 626 1324 reddita
639 1263 724 1324 esset
738 1259 879 1342 Graecis,
901 1258 977 1324 fidei
997 1261 1094 1340 atque

98 1345 312 1410 iurisiurandi
326 1347 393 1411 dati
408 1349 594 1432 acceptique
617 1347 718 1412 oblita
736 1347 926 1412 Diomedem
947 1346 1094 1410 redamat

99 1433 148 1517 (v.
174 1433 279 1499 14927
305 1457 373 1519 sqq.
391 1435 502 1501 20195
522 1434 623 1520 sqq),
649 1435 809 1501 Meriones
833 1435 883 1500 bis
898 1435 939 1499 ab
954 1433 1093 1498 Hectore
1207 1479 1208 1482 ¹

90 1521 296 1604 ,interficitur
318 1521 361 1606 (v.
384 1523 471 1588 9993
495 1527 528 1587 et
553 1522 687 1609 14095),
716 1524 801 1608 quod
824 1527 857 1588 et
878 1524 985 1606 ipsum
1009 1521 1093 1605 apud

4 3509 89 3585 ts..

99 1609 257 1673 Daretem
281 1612 435 1695 scriptum
449 1612 572 1676 invenit
586 1611 624 1676 ef.
639 1635 669 1696 p.
684 1613 736 1695 24,
757 1613 811 1694 21,
835 1612 953 1694 28,10.
980 1609 1092 1674 Altero
1207 1615 1208 1656 ἲ

98 1699 175 1762 loco
198 1701 249 1781 „et
267 1697 463 1764 Merionem“
485 1701 638 1784 quoniam
660 1700 885 1765 tantummodo
910 1701 945 1762 in
970 1699 1037 1764 cod.
1062 1697 1093 1762 G

99 1784 250 1850 additum
260 1790 309 1850 est
322 1787 470 1871 equidem
484 1789 633 1871 expunxi,
645 1788 838 1853 Benedictus
853 1792 960 1852 autem
974 1787 1092 1850 librum

100 1873 147 1938 ad
169 1895 284 1938 manus
307 1875 435 1957 habuit,
466 1876 502 1940 in
527 1898 592 1960 qno
620 1876 682 1940 hoc
703 1877 819 1940 vitiose
843 1875 988 1938 additum
1012 1877 1089 1956 erat,

97 1961 241 2027 fortasse
264 1961 505 2047 Sangallensem
528 1964 643 2048 ipsum,
667 1962 708 2028 ed
730 1982 826 2048 quem
848 1962 971 2026 fontem
994 1961 1091 2025 etiam

98 2071 142 2114 ea
155 2072 253 2134 quam
268 2072 364 2135 supra
376 2074 407 2134 p.
422 2050 483 2114 XX
497 2053 816 2116 commemoravimus
840 2050 1091 2115 commutatione

96 2138 271 2202 nominum
288 2138 514 2223 „Euphemus“
532 2138 703 2225 (eufemus)
717 2142 750 2203 11
761 2137 920 2224 ,11111111κ
933 2137 1090 2202 ducimur:

96 2248 179 2290 nam
206 2223 249 2310 (v.
273 2226 548 2312 6613)1111111111
572 2228 610 2291 de
633 2227 799 2292 l'Ancoine
827 2230 859 2291 et
882 2225 1092 2308 deindepost

95 2312 325 2398 Hippothoum
353 2313 495 2401 (Hupoz)
524 2319 556 2378 et
583 2305 745 2399 Cupesum
772 2313 814 2402 (v.
842 2311 944 2399 6691)
971 2313 1090 2377 Remus
1207 2357 1208 2360 ¹

97 2402 140 2466 de
164 2401 293 2468 Gisonie
315 2404 400 2468 inter
422 2424 513 2488 reges
537 2403 750 2469 Troianorum
774 2404 1010 2468 enumerantur.
1040 2401 1092 2468 Ex

96 2490 214 2555 ecdem
241 2512 374 2556 numero
403 2495 479 2556 sunt
506 2491 591 2574 apud
618 2489 770 2556 Daretem
798 2489 842 2576 (p.
869 2491 922 2574 22,
951 2488 1006 2576 15)
1033 2491 1090 2573 „de

96 2577 305 2661 Colophonio
317 2579 452 2662 Mopsus
470 2581 506 2644 dc
519 2579 660 2664 Pliryqio
673 2580 780 2665 Asius,
795 2581 833 2644 de
848 2578 942 2644 (laria
955 2579 1090 2662 Amphi·

96 2666 236 2731 machus
267 2665 416 2733 Nastes“:
451 2668 487 2732 in
517 2668 608 2732 libris
642 2669 758 2732 desunt
790 2689 828 2732 ea
860 2688 941 2752 quae
973 2667 1089 2730 litteris

98 2754 241 2838 obliquis
274 2777 390 2821 excusa
429 2760 519 2839 sunt,
563 2756 627 2840 „de
659 2757 753 2821 colof.
786 2755 906 2819 masius
939 2775 1028 2818 caras
1062 2775 1089 2816 a.
1207 2815 1208 2820 ,

98 2842 253 2906 11111111(
275 2845 470 2928 optimorum
493 2845 639 2909 codicum
662 2846 711 2908 est
732 2844 836 2924 lecti0,
859 2864 931 2906 cum
949 2841 1000 2905 his
1015 2862 1089 2905 con-

95 2931 200 2995 sentit
223 2933 308 3015 quod
329 2931 521 2998 Benedictus
544 2932 643 2996 habet
665 2930 707 3018 (v.
731 2928 831 3016 6653)

261 3054 310 3119 De
334 3054 480 3139 Oolopon
502 3077 565 3120 une
588 3057 716 3121 centres

261 3142 323 3218 Qui
346 3144 384 3208 de
406 3165 475 3208 mer
497 3148 547 3209 est
568 3145 716 3210 avironee

262 3227 279 3294 I
300 3231 370 3296 sint
392 3230 510 3298 Oaroas
533 3237 567 3297 et
587 3232 693 3297 Ficius

259 3316 380 3385 Nestex
402 3320 426 3384 li
449 3321 516 3386 fors
541 3325 573 3384 et
595 3320 753 3386 Fimacus.

4 3569 17 3598 1²
33 3567 45 3578 ”’
88 3583 89 3586 “
172 3564 192 3634 l)
210 3563 333 3618 Harbort
350 3523 926 3631 1111111111,111111111111099.
999 3637 1002 3642 ¹
