2414 3946
176 193 218 258 66
464 208 669 256 FRAGMENTI
692 208 767 256 cur.
784 209 858 258 sur.

142 358 160 405 4
241 347 488 409 Animadvertisse
516 348 644 409 chordae
666 349 799 409 sonantis
826 349 997 410 suavitatem
1018 351 1052 411 in
1082 370 1152 412 arcu

182 430 323 512 [sororis]
341 430 506 510 Apollinem
526 432 647 494 tradunt
667 441 696 494 et
718 432 880 494 intendisse
896 435 1035 511 protinus
1059 436 1152 498 citha·

178 533 256 587 ram,
282 523 344 577 turn
361 522 478 578 notasse
494 517 573 596 quod
589 517 776 578 adstrictiora
792 517 840 578 iila
854 536 1015 579 nervorum
1031 521 1066 580 in
1084 539 1151 582 acu·

178 619 246 662 men
268 602 485 671 excitarentur,
514 602 652 680 gravibus
673 601 891 681 responderent
911 605 1055 672 remissa,
1086 606 1152 666 inde

177 686 282 747 iecisse
311 693 371 746 tres
393 687 505 763 primos
531 686 567 746 de
594 686 701 764 quihus
728 705 817 764 supra
845 687 955 748 dictum
984 695 1043 748 est:
1076 690 1176 750 hanes

178 771 329 849 excepisse
351 771 544 831 intentionem
569 771 727 850 Lycorem‚
755 789 843 850 quern
865 771 983 850 quidam
1005 772 1152 851 Apollinis

178 855 269 916 hlium
290 855 411 916 tradunt
438 863 467 916 et
488 855 634 934 nymphae
653 855 843 926 Paramesae,
874 879 888 918 a
911 855 1152 936 Chrysothemidi

177 940 346 1018 reliquisse:
370 939 406 1000 ab
429 959 464 1001 eo
485 940 655 1001 adiunctum
672 939 792 1001 modurn
810 942 859 1020 qui
881 959 1096 1020 synemmenos
1113 944 1152 1003 di·

178 1024 267 1084 citur:
306 1024 386 1084 bunc
416 1042 573 1086 numerum
604 1027 718 1086 auxisse
746 1025 953 1102 Terpandrum
983 1027 1153 1088 adiectione

177 1108 404 1186 diezeugmenu,
428 1111 478 1188 qui
493 1111 607 1187 primus
623 1128 638 1170 a
654 1108 791 1188 gravibus
806 1111 837 1169 in
853 1125 977 1171 acumen
994 1113 1149 1172 avertitur.
1167 1121 1187 1167 u

178 1192 284 1253 deinde
304 1192 478 1254 Timotheus
502 1193 611 1254 addidit
633 1193 720 1264 duos,
752 1211 927 1271 paramesen
950 1203 979 1256 et
1000 1197 1152 1276 hyperbo-

179 1276 272 1338 laeon.

143 1357 159 1405 5
241 1361 357 1422 lnilium
375 1362 453 1422 modi
469 1362 577 1422 dicitur
592 1362 690 1430 diesis,
710 1362 864 1424 dimidium
880 1365 1093 1436 semitonium,
1109 1377 1150 1425 to·

177 1455 239 1507 tum
256 1453 350 1507 tonos.
384 1447 445 1507 toni
461 1447 519 1506 duo
544 1455 572 1507 et
587 1447 724 1508 dimidius
746 1447 928 1509 diatessaron
944 1450 1149 1518 nominantur,

178 1543 238 1590 tres
255 1540 283 1590 et
299 1531 436 1591 dimidius
452 1531 605 1608 diapente,
622 1549 673 1592 sex
690 1532 841 1609 diapason.
1165 1543 1186 1589 15

225 1614 320 1675 rllaec
335 1617 463 1676 musicae
479 1634 593 1676 summa
608 1623 684 1676 sunt.

126 1813 160 1874 13
387 1817 437 1866 Du
456 1817 588 1868 Murcus
606 1819 646 1868 ID
666 1818 732 1868 EST
751 1819 925 1870 NUMERIS.

240 1952 332 2012 Metra
349 1953 471 2022 Graece,
493 1954 595 2014 Latine
617 1954 733 2014 numeri
755 1961 905 2016 vocantur.
936 1973 1085 2018 numerus
1108 1967 1149 2018 est

177 2037 343 2116 aequalium
365 2037 473 2115 pedum
495 2036 624 2115 legitima
645 2038 799 2100 ordinatio.
831 2040 919 2100 huius
938 2057 1010 2119 pars
1033 2043 1148 2121 integra

176 2141 243 2201 pes;
265 2129 364 2200 partes
386 2129 455 2182 sunt
472 2122 579 2199 pedum
601 2121 742 2202 syllabae,
767 2123 912 2185 elementa
933 2143 1147 2194 numerorunn
1162 2135 1184 2182 au

142 2218 157 2265 a
176 2206 333 2267 modorum
357 2205 502 2268 elementa
518 2209 610 2286 spatia
626 2206 803 2286 syllabarum
826 2227 859 2270 ao
878 2215 1025 2288 tempora.
1057 2213 1149 2290 pedes

176 2300 384 2368 conponuntur
403 2309 438 2351 ex
455 2290 573 2370 syllabis
589 2293 742 2353 minimum
759 2293 843 2364 binis,
860 2293 1022 2373 plurimum
1041 2299 1147 2362 ternis:

175 2375 319 2452 incipiunt
340 2375 523 2454 temporibus
539 2375 627 2447 binis,
651 2378 687 2438 ad
703 2396 774 2438 sena
795 2379 988 2456 perveniunt;
1014 2380 1149 2460 bisyllabi

175 2466 328 2538 quattuor,
359 2459 502 2539 trisyllabi
530 2469 605 2522 octo.
651 2461 752 2540 plmes
779 2481 866 2540 quam
898 2463 1059 2524 duodecim
1087 2485 1148 2526 esse

175 2562 233 2604 non
250 2550 384 2620 possunt.
1164 2555 1187 2606 rt

244 2681 265 2728 1.
281 2679 511 2731 animaduertisse
526 2681 643 2732 chordae
656 2683 840 2743 Loebmonmrc,
860 2695 931 2733 anum
950 2681 1089 2736 abutereris
1108 2703 1150 2736 se·

175 2746 263 2797 carnee
283 2747 347 2806 DV,
373 2747 600 2800 animadvertisse
624 2750 762 2799 secundae
783 2750 923 2800 Urltrbsins
943 2751 1009 2814 (Eos
1027 2753 1067 2803 II
1084 2757 1149 2805 1866

171 2832 199 2880 p.
218 2813 278 2880 460)
349 2816 499 2866 suavitatis
522 2817 548 2866 V
615 2833 681 2868 areu
706 2819 809 2867 sororis
832 2819 856 2867 V
876 2821 960 2883 culpo,
986 2820 1147 2886 ancuslono

174 2883 237 2948 (eno
257 2885 283 2932 in
301 2899 379 2948 ortorp.
399 2883 497 2946 adeor.)
517 2885 549 2941 J),
570 2899 650 2935 arcus
669 2898 735 2935 seno
751 2887 892 2936 Urliebsius
961 2888 986 2942 2.
1007 2889 1148 2940 citharam

175 2955 230 3000 tum
251 2951 382 3013 Cauchius,
402 2965 620 3002 cnruaoaurrum
639 2953 694 3002 DV
761 2953 1133 3009 3.absrercrouar1u1al)

171 3022 197 3069 4.
220 3017 352 3086 gravibus
376 3022 451 3069 sonis
475 3022 540 3070 coni.
563 3021 660 3070 Ichnae
729 3021 753 3071 5.
783 3035 931 3072 recesseras
955 3023 979 3070 D
1053 3025 1078 3075 6.
1103 3041 1147 3074 ex·

172 3101 313 3152 ceptesees
331 3087 355 3135 D
425 3099 546 3138 naconem
566 3089 597 3148 D,
616 3089 750 3153 liquorem
772 3089 804 3152 V,
824 3090 1003 3140 eorumbene
1022 3088 1103 3154 (Ber.
1122 3095 1146 3144 d.

172 3154 262 3205 Sd'ells.
279 3156 337 3206 Ges.
357 3153 436 3204 1417
443 3152 450 3219 l
522 3159 545 3208 7,
564 3171 707 3220 paeumese
728 3155 800 3220 (arne
819 3155 923 3221 inrue.)
942 3159 973 3220 D,
995 3173 1146 3222 paramese

177 3223 208 3280 V,
227 3221 381 3273 Parnasiae
395 3226 422 3272 et
434 3225 502 3274 coni.
516 3223 613 3274 labeus
666 3224 871 3276 causorhennbt
889 3225 943 3274 DV
1010 3227 1034 3276 8.
1057 3243 1092 3276 aa
1114 3244 1146 3277 ea

173 3291 228 3339 DV
281 3290 483 3341 srahenmeuos
503 3291 536 3354 D,
557 3291 732 3342 sinenmenos
760 3293 785 3341 V
854 3291 891 3344 10.
912 3292 1094 3345 brezeumeuu
1114 3297 1144 3352 Ι),

173 3355 368 3407 diezeumeno
391 3359 416 3407 V
486 3360 525 3410 11,
548 3359 823 3424 hupeasoneonDV
889 3359 1145 3413 14.ron1b1umer

173 3422 229 3468 DV
295 3423 475 3475 baaressasou
495 3423 535 3488 (ss
554 3428 579 3476 in
597 3426 662 3488 ros.)
682 3428 706 3476 D
776 3429 817 3480 20.
840 3444 894 3493 pen
913 3441 1017 3492 pareres
1038 3431 1099 3481 DV

174 3488 358 3548 susanae,
379 3492 489 3554 syllaba
512 3494 539 3542 V
605 3496 791 3544 uumenumD
861 3498 900 3548 23.
922 3495 954 3546 ab
974 3511 1005 3546 se
1023 3497 1085 3546 DV
