2460 3940
348 186 397 234 nn
419 185 481 234 nou
502 184 634 234 nannet
657 184 732 234 cnr.
749 185 795 235 1v.
1038 172 1057 234 'l

76 328 245 397 sententia,
278 343 335 404 qua
355 343 475 404 semper
495 325 659 386 humanum
680 341 774 402 genus
800 325 892 387 luisse
913 325 1055 397 creditur,

76 419 223 474 auctores
245 409 336 472 hahet
350 410 539 490 Pythagoran
555 409 686 471 Samium
708 417 737 472 et
753 409 886 472 Ocellum
903 411 1056 472 Lucanum

78 505 114 557 et
139 496 293 574 Archytan
319 495 513 556 Tarentinum
543 513 706 574 omnesque
732 495 806 556 adeo
832 495 1054 574 Pythagoricos.

76 580 136 642 sed
165 589 194 641 et
219 579 300 640 Plato
326 579 515 642 Atheniensis
542 587 572 640 et
596 579 778 641 Xenocrates
803 586 832 640 et
857 580 1055 641 Dicaearchus

36 674 54 724 5
76 665 250 726 Messenius
275 666 406 743 itemque
436 665 575 742 antiquae
601 663 771 726 academiae
798 663 968 744 philosophi
994 682 1055 725 non

78 749 165 810 aliud
194 749 329 812 videntur
356 742 479 827 opinati,
513 747 684 810 Aristoteles
710 768 829 829 quoque
850 749 1005 828 Stagirites
1027 757 1057 810 et

77 834 309 912 Theophrastus
329 833 472 914 multique
492 841 647 912 praeterea
662 851 723 894 non
743 833 888 912 ignobiles
908 835 1056 913 peripate-

77 920 134 980 tici
150 916 229 980 idem
245 919 438 997 scripserunt.
470 919 591 997 eiusque
608 921 652 1004 rei
672 917 807 998 exemplo
825 917 942 999 [dicunt
960 917 1053 999 quod]

77 1010 195 1081 negant
216 1005 336 1064 omnino
358 1019 446 1080 posse
467 1004 608 1080 reperiri,
631 1020 738 1064 avesne
759 1009 826 1064 ante
841 1021 878 1063 an
895 1021 947 1063 ova
964 1021 1054 1080 gene·

22 1095 57 1145 10
77 1095 147 1149 rata
165 1088 231 1154 sint,
248 1104 316 1147 cum
333 1094 362 1148 et
376 1105 465 1148 ovum
478 1090 542 1148 sine
558 1105 610 1148 ave
626 1094 655 1148 et
672 1090 733 1148 avis
748 1089 811 1148 sine
826 1105 881 1147 ovo
898 1088 979 1166 gigni
994 1105 1054 1148 non

77 1173 186 1250 possit.
217 1173 317 1248 itaque
333 1179 361 1232 et
376 1173 517 1240 omnium,
535 1190 610 1251 quae
626 1172 656 1232 in
672 1173 853 1252 sempiterno
869 1174 925 1232 isto
941 1172 1052 1233 mundo
1071 1187 1088 1236 4

78 1273 205 1334 semper
225 1255 346 1318 luerunt
368 1256 528 1334 futuraque
549 1263 631 1325 sunt,
660 1257 742 1318 aiunt
762 1256 941 1334 principium
962 1258 1053 1317 luisse

78 1339 213 1411 nullum,
244 1340 296 1400 scd
317 1339 422 1401 orbem
444 1357 508 1401 esse
530 1340 678 1420 quendam
699 1341 906 1418 generantium
928 1358 1053 1402 nascen-

78 1428 233 1503 numque,
263 1425 293 1484 iu
310 1443 368 1503 quo
383 1426 471 1486 unius
493 1426 636 1503 cuiusque
658 1428 753 1503 gentis
774 1426 890 1485 initium
914 1423 1002 1485 simul
1024 1432 1053 1486 et

23 1514 57 1565 15
78 1510 150 1570 linis
175 1527 239 1570 esse
267 1509 410 1570 videatur.
455 1511 506 1588 qui
532 1516 631 1570 autem
651 1509 787 1570 homines
812 1509 927 1587 aliquos
948 1511 1051 1588 primi·
1071 1517 1087 1566 5

78 1595 187 1672 genios
208 1593 346 1654 divinitus
366 1601 507 1655 naturave
527 1595 620 1654 iactos
641 1594 799 1656 crederent
819 1592 903 1654 multi
923 1595 1053 1665 luerunt,

78 1677 134 1741 sed
150 1677 236 1738 aliter
252 1679 347 1757 adque
362 1678 447 1740 aliter
463 1679 537 1740 haec
552 1680 767 1740 existimatione
782 1685 906 1740 versata.
938 1696 1006 1738 narn
1022 1685 1054 1739 ut
1072 1687 1088 1734 6

78 1763 213 1831 mittam,
235 1763 313 1842 quod
330 1762 479 1824 iahulares
494 1771 648 1842 poetarum
664 1764 805 1825 historiae
822 1762 935 1832 lerunt,
958 1763 1053 1823 homi·

79 1866 137 1909 nes
159 1849 273 1926 primos
299 1853 349 1908 aut
371 1847 541 1910 Promethei
559 1846 639 1908 molli
661 1847 722 1909 luto
749 1865 813 1909 esse
833 1848 978 1908 formatos
1004 1855 1054 1908 aut

24 1937 58 1986 20
77 1931 270 1994 Deucalionis
289 1932 481 2011 Pyrrhaeqne
508 1932 590 1992 duris
611 1932 759 2010 lapidibus
786 1936 902 2002 enatos,
933 1931 1052 2010 quidam

79 2037 118 2078 ex
145 2018 220 2095 ipsis
240 2017 401 2094 sapientiae
422 2016 641 2095 prolessoribus
661 2018 762 2078 nescio
789 2034 827 2076 an
847 2016 940 2094 magis
966 2033 1051 2076 mon·

78 2110 230 2169 strumas,
254 2108 335 2163 certe
354 2119 413 2162 non
435 2103 531 2162 minus
548 2099 738 2171 incredibiles
759 2102 907 2160 rationum
930 2117 1051 2160 suarum

77 2186 240 2266 proferunt
256 2186 421 2264 opiniones.
451 2185 668 2248 Anaximander
683 2184 814 2246 Milesius
828 2183 921 2244 videri
936 2183 992 2244 sihi
1015 2203 1050 2244 ex
1070 2195 1085 2244 t

78 2289 159 2349 aqua
175 2278 313 2348 terraque
329 2269 478 2331 calefactis
494 2277 613 2332 exortos
628 2287 692 2331 esse
709 2271 770 2331 sive
781 2271 879 2349 pisces
895 2286 948 2332 seu
962 2270 1050 2346 pisci·

152 2461 176 2506 1.
195 2471 266 2522 quac
283 2457 308 2507 D
376 2458 402 2506 2.
420 2455 597 2520 phytagoram
617 2457 644 2506 V
710 2467 813 2505 coetum
831 2457 864 2514 D,
883 2455 1008 2506 coceium
1030 2455 1060 2505 V

78 2529 105 2578 3.
127 2522 291 2576 concurras
302 2524 341 2586 D,
362 2523 498 2574 architam
519 2525 548 2574 V
611 2523 809 2590 phytagoriccs
831 2525 859 2574 V
923 2523 948 2572 4.
968 2522 1054 2572 arhe-

80 2607 197 2642 nnenses
220 2593 257 2655 D,
281 2593 388 2643 cornei
455 2594 499 2640 *et
519 2595 684 2641 xenocrates
709 2589 802 2654 (eruca
820 2590 847 2654 s)
876 2590 904 2639 V
968 2589 1052 2641 dicae·

80 2659 189 2710 anchus
213 2657 286 2723 (icae
305 2661 366 2709 din
383 2656 449 2720 ras.)
472 2659 497 2707 D
567 2660 591 2709 5.
615 2674 666 2723 quc
689 2674 735 2709 om.
759 2660 784 2708 V
852 2661 876 2709 6.
899 2673 1053 2708 assessore·

80 2742 126 2778 urs
139 2729 179 2789 D,
197 2726 349 2778 aristotelis
371 2727 399 2776 V
454 2740 604 2792 succintus
620 2727 678 2776 DV
744 2728 767 2776 i.
785 2725 982 2792 rhecpnasrns
1000 2727 1058 2776 DV

79 2808 300 2860 pentparectrtct
320 2795 346 2843 D
363 2791 411 2856 V¹,
434 2810 503 2844 corr.
531 2791 571 2844 V²
639 2795 664 2845 8.
690 2808 876 2845 scutesenunr
898 2794 923 2842 D
994 2795 1053 2844 eiua

80 2862 181 2928 quaeri
199 2860 322 2926 exemplo
340 2861 439 2912 Ichnae
457 2877 492 2912 eac
509 2865 574 2914 coni.
587 2863 747 2912 Lachmanni
797 2872 929 2926 exempta
948 2861 1004 2910 DV

80 2933 106 2982 9.
127 2943 275 2995 aeppentnt
293 2931 350 2979 DV
416 2945 523 2996 cesena
541 2930 580 2993 D,
599 2945 668 2980 corr.
688 2931 706 2978 d
774 2930 814 2978 10.
835 2943 868 2978 er
887 2941 956 2978 aues
975 2928 1000 2977 D
1025 2931 1031 2940 '

81 3001 123 3048 13.
149 2996 301 3062 querendam
323 2998 349 3046 D
421 3000 462 3048 14.
479 3011 680 3060 uniusquisque
699 2997 723 3045 D
793 2995 883 3060 geniti
903 2997 932 3046 V
944 2997 1016 3059 culpo

80 3066 124 3117 17.
144 3065 425 3116 annea—annonD
494 3070 579 3129 atquc
601 3065 630 3114 V
693 3063 790 3114 hacV
856 3064 1048 3127 occeanus),

80 3134 150 3183 unde
168 3134 198 3182 in
216 3131 269 3183 hac
288 3132 493 3184 existimatione
512 3132 619 3183 versati
635 3134 707 3196 culpo
733 3191 735 3194 ¹
759 3133 800 3182 19.
820 3142 972 3181 sunmeros
991 3131 1015 3179 D

81 3203 125 3252 20.
145 3202 244 3250 enatos
263 3201 378 3250 Halmius
396 3199 475 3263 (conf.
492 3215 549 3264 cap.
570 3203 594 3264 6,
613 3203 628 3250 1
645 3195 742 3265 enin),
765 3213 869 3249 *nanos
887 3199 925 3261 D,
950 3200 983 3249 ee
1000 3199 1051 3248 n'a·

79 3273 127 3318 tos
146 3270 171 3330 d,
190 3269 257 3318 unde
276 3282 337 3318 esse
355 3272 437 3320 natos
459 3269 484 3318 V
493 3270 565 3334 culpo
617 3274 677 3333 post
696 3271 794 3318 enatos
812 3281 898 3316 monna
916 3266 946 3314 X
955 3267 1053 3318 soeculi

78 3339 107 3386 in
126 3335 161 3398 Ι),
179 3351 210 3386 m.
226 3336 312 3400 prima
327 3337 353 3384 in
369 3336 396 3386 V
409 3336 470 3386 add.
482 3351 559 3400 uerg.
579 3333 661 3401 (nirg.
679 3335 713 3396 V)
731 3335 797 3386 hinc
809 3333 918 3398 lapides
931 3333 1051 3400 pyrrhus

79 3401 176 3468 (pyrre
194 3401 229 3468 V)
248 3404 338 3454 iactos
357 3403 484 3454 saturnio
496 3418 584 3468 regna
602 3408 630 3454 et
649 3402 718 3454 alibi
731 3418 783 3468 quo
796 3405 920 3465 tempore
932 3403 1051 3469 primum

80 3469 232 3522 deucalion
249 3485 369 3522 uacuum
385 3470 494 3536 lapides
513 3471 637 3524 iactauit,
650 3472 680 3520 in
698 3470 793 3522 orbern
