2416 3944
155 211 198 274 74
465 209 598 261 DICTYS
616 206 815 259 ORETENSIS

26 399 31 406 ·
155 383 214 446 pro
237 360 369 445 negotio
385 357 602 444 egrediuntur,
639 379 743 441 neque
758 357 889 442 segnius
911 356 1123 426 aMemnone

156 449 278 527 actum,
306 466 380 509 cum
413 465 476 528 quo
506 442 639 508 Troiani
668 463 788 507 omncs.
838 442 885 505 ita
918 440 995 506 hinc
1023 449 1124 528 atque

107 543 120 562 “
156 529 230 594 inde
265 529 413 594 ordinato
448 527 589 592 exercitu
621 527 780 610 proelium
813 525 940 590 initum.
988 527 1124 611 plurimi

157 615 324 698 utriusque
351 613 452 697 partis
478 615 516 676 ut
544 612 579 675 in
612 611 670 676 tali
698 610 872 676 certamine
901 609 1034 695 cadunt,
1066 619 1125 678 aut

130 699 213 764 sicti
236 699 378 784 graviter
398 695 522 780 proelio
546 695 711 768 decedunt.
761 694 797 759 in
824 716 889 778 quo
917 695 1003 760 bello
1027 699 1124 762 Anti-

155 783 269 849 lochus
290 781 437 848 Nestoris
465 781 579 845 obvius
607 778 691 844 forte
722 777 889 844 Memnoni
919 779 1122 846 interficitur.

156 888 294 952 moxque
316 865 416 948 Aiax,
444 865 500 930 ubi
527 869 654 948 tempus
682 863 785 929 risum
809 867 873 946 est,
896 862 982 928 inter
1003 870 1123 930 utram-

157 947 1122 1100 ttltttltltttffitlttlsettstttttstt

118 1141 144 1180 ιο
157 1119 257 1204 igitur
278 1117 433 1182 Memnon
454 1084 521 1182 ubi,
539 1118 578 1182 ad
606 1138 639 1181 se
660 1114 751 1180 tendi
772 1115 874 1198 videt,
897 1137 994 1182 curru
1016 1119 1124 1184 desilit

90 1249 93 1255 -
157 1203 366 1288 confligitquc
388 1201 484 1286 pedes
506 1223 579 1266 eum
598 1201 698 1265 Aiace
719 1221 838 1284 magno
861 1200 1030 1286 utriusque
1052 1225 1123 1286 par-

156 1289 200 1353 tis
222 1293 309 1352 metu
331 1291 427 1371 atque
449 1287 702 1371 exspectatione:
725 1306 797 1349 oum
820 1285 884 1348 dux
905 1290 1016 1350 noster
1038 1309 1124 1350 sum-

157 1395 210 1437 ma
232 1373 265 1437 vi
287 1373 460 1436 umbonem
482 1371 564 1436 scuti
579 1371 646 1434 eius
668 1370 734 1435 telo
756 1369 792 1433 in
811 1368 1014 1452 aliquantum
1035 1371 1123 1434 fora-

157 1462 224 1521 tum
259 1457 366 1541 gravis
395 1459 491 1540 atque
513 1455 645 1519 summis
672 1453 794 1518 viribus
820 1453 973 1538 ingruens
1002 1455 1125 1538 inpulit

120 1560 145 1600 15
158 1540 318 1624 vertitque
345 1541 381 1604 in
408 1540 502 1604 latus.
552 1559 615 1622 quo
643 1538 713 1602 viso
741 1537 826 1622 regis
853 1538 986 1602 comites
1009 1540 1124 1604 adour-

157 1646 242 1706 rere,
266 1624 399 1688 Manem
421 1622 590 1687 exturbare
611 1623 761 1686 nitentes,
798 1625 867 1686 tum
890 1622 1044 1706 Achilles,
1068 1625 1128 1688 ubi

157 1708 302 1773 barbaris
328 1705 484 1772 intercedi
513 1705 615 1790 videt,
644 1706 751 1791 pergit
776 1709 889 1770 eontra
911 1711 944 1770 et
965 1707 1126 1773 nudatum

158 1795 249 1856 scuto
271 1791 374 1856 hostis
396 1791 543 1876 iugulum
564 1789 657 1855 hasta
678 1791 848 1876 transfigit.

244 1875 317 1940 VII.
366 1875 416 1940 Ita
453 1878 581 1959 praeter
617 1896 707 1958 spem
743 1873 913 1939 interfecto
946 1873 1125 1942 Memnone

118 1980 146 2020 20
158 1960 258 2025 animi
279 1961 422 2025 hostium
444 1961 682 2025 commutantur
710 1962 742 2024 et
765 1957 896 2023 Graecis
922 1964 1017 2024 aucta
1044 1960 1128 2025 fidu-

159 2046 222 2110 cia:
251 2045 379 2129 iamque
402 2039 600 2128 Aethiopum
621 2065 713 2107 versa
742 2043 810 2107 acic
838 2044 942 2108 nostri
965 2045 1128 2110 instantes

158 2129 297 2195 caedunt
317 2130 483 2212 plurimos.
532 2133 602 2192 tum
627 2126 818 2210 Polydamas
846 2148 1003 2193 renovare
1030 2151 1128 2213 proe-

124 2222 125 2226 ’
158 2215 238 2279 lium
254 2215 386 2297 cupiens
402 2213 637 2278 circumventus
657 2211 697 2276 ad
710 2216 909 2295 postremum
924 2215 1021 2296 atque
1041 2213 1128 2279 ictus

158 2298 294 2383 inguina
329 2298 368 2362 ab
397 2297 495 2360 Aiace
527 2296 733 2378 interficitur,
768 2295 908 2360 Glaucus
935 2299 1127 2382 Antenoris,

118 2400 146 2440 25
159 2382 327 2446 adversum
363 2379 542 2445 Diomeden
580 2379 725 2464 adstans,
766 2381 1021 2464 Agamemnonis
1058 2385 1127 2448 telo

159 2466 255 2531 cadit.
291 2469 361 2529 tum
382 2486 459 2530 vero
474 2486 620 2530 cerneres
641 2463 718 2528 hinc
733 2465 912 2549 Aethiopas
928 2463 1001 2530 oum
1012 2467 1129 2532 Troia·

158 2551 210 2614 nis
231 2572 290 2633 per
311 2571 440 2614 omnem
462 2571 610 2633 campum
637 2549 707 2613 sine
733 2549 844 2614 ordine
867 2552 963 2633 atque
986 2551 1125 2635 imperio

140 2633 320 2718 'fugientes
341 2632 546 2699 multitudine
569 2654 605 2698 ac
626 2633 834 2698 festinatione
856 2633 941 2698 inter
963 2656 996 2699 se
1018 2636 1128 2733 impli-

160 2718 226 2782 cari
248 2718 359 2783 cadere
377 2739 413 2782 ac
433 2739 508 2783 mox
528 2717 712 2802 palantibus
727 2718 817 2802 equis
829 2718 1025 2802 proculcari,
1048 2720 1128 2785 hinc

120 2803 297 2868 ³0Graeeos
326 2803 496 2888 resumptis
524 2803 640 2867 animis
662 2823 696 2866 se
719 2803 753 2866 ui
781 2802 911 2867 caedere·
939 2803 1128 2887 impeditos-

160 2911 222 3036 gue
245 2887 417 2953 dissolvere
440 2892 535 2972 atque
563 2888 610 2952 ita
631 2823 803 2951 conlqodere
832 2887 966 2952 laxatos.
1010 2888 1128 2954 redun-

182 2976 237 3036 ant
263 2974 347 3037 circa
372 2994 482 3038 muros
510 2971 615 3056 campi
642 2971 814 3055 sanguine,
845 2976 878 3035 ct
905 2972 1029 3057 omnia,
1059 2995 1127 3056 qua

159 3056 261 3122 hostis
298 3057 489 3138 intraverat,
526 3056 623 3121 armis
662 3059 758 3139 atque
794 3055 1002 3121 cadaveribus
1039 3077 1128 3122 com·

159 3142 247 3224 pleta
265 3143 352 3204 sunt.
390 3141 425 3204 in
448 3162 485 3204 ea
509 3161 620 3226 pugna
644 3139 765 3203 Priami
783 3139 926 3205 filiorum
951 3143 1065 3204 Arctus
1094 3145 1128 3206 et

121 3225 359 3290 esEchemmon
392 3225 432 3289 ab
471 3223 567 3290 Ulixe
606 3223 782 3308 interfecti,
816 3223 946 3309 Dryops
985 3223 1060 3288 Bias
1094 3229 1128 3290 ct

169 3439 171 3443 ·
228 3415 260 3462 22
278 3411 420 3481 plurimos]
438 3415 542 3480 primus
562 3414 609 3465 GB
665 3415 698 3464 34
715 3414 807 3463 areius
828 3413 888 3463 libre·
916 3411 1017 3463 Aretus
1034 3409 1128 3466 Dede·

159 3479 244 3529 stolum
280 3481 503 3532 EchememonG
536 3483 717 3532 Archemmon
735 3481 761 3531 B
790 3480 958 3530 Echemmon
971 3481 1129 3545 Paccianae

160 3549 193 3597 36
211 3547 433 3610 Dryasptsaiae
468 3551 590 3614 Dryaspi
608 3549 668 3613 apia
692 3557 719 3597 et
742 3549 768 3598 B
786 3549 928 3618 iarndudum
950 3564 1019 3599 corr.
