2460 3940
176 169 217 235 82
487 167 617 221 morus
636 166 838 220 censemus

176 321 254 407 guli.
299 324 333 384 at
353 322 483 403 postero
507 318 557 382 die
578 339 637 402 per
652 316 798 402 Chrysen
819 316 1023 402 cognoscitur
1044 317 1145 386 Hele-

175 427 255 470 num
276 403 398 468 Priami
418 403 599 489 fugientem
621 403 723 467 scelus
745 401 921 466 Alexandri
942 402 1028 485 apud
1050 424 1084 466 se
1107 404 1146 467 in

176 493 241 554 tem
265 489 298 554 lo
314 509 423 574 ogere:
445 509 584 572 moxque
600 488 641 552 ob
659 487 692 551 id
706 487 811 552 missis
826 485 982 552 Diomede
998 490 1030 550 et
1044 485 1145 552 Ulixe
1219 549 1220 562 ζ

175 578 226 639 tra
252 572 309 639 'dit
331 595 398 638 sese
413 572 608 671 'deprecatus
630 572 734 670 prius,
765 571 814 636 uti
843 571 905 635 sibi
954 575 1056 636 artem
1084 571 1145 636 ali-

150 679 274 744 oquam
295 681 329 722 re
356 659 453 740 oms,
476 657 512 722 in
534 679 597 741 qua
618 657 775 740 rehquam
803 656 903 734 vitam
930 593 1061 740 degeret
1095 678 1144 720 se-

176 748 297 809 motam
320 766 339 808 a
382 742 453 807 aliis
482 741 703 807 concederent.
741 740 815 806 dein
836 740 877 804 ad
905 761 1003 805 naves
1026 739 1144 805 ductus

176 829 232 894 ubi
260 827 394 894 concilio
422 827 541 891 mixtus
570 830 631 908 est,
667 825 769 890 multa
801 823 891 908 prius
919 824 1045 890 locutus
1073 847 1143 890 non

176 917 264 978 metu
293 913 339 976 ait
367 933 400 976 se
428 911 542 976 mortis
575 910 713 994 patriam
746 913 958 994 parentesque
987 909 1143 1006 deserere,

177 999 232 1062 sed
254 998 386 1060 deorum
409 999 555 1060 coactum
570 995 745 1078 aversione,
769 1016 905 1078 quorum
921 993 1053 1058 delubra
1074 1016 1144 1060 vio-

139 1082 238 1147 1olari
266 1081 306 1145 ab
327 1080 511 1144 Alexandro
539 1101 644 1163 neque
673 1101 705 1144 se
732 1101 837 1162 neque
861 1080 1006 1143 Aeneam
1055 1079 1142 1144 uisse

176 1166 259 1251 pati:
283 1166 340 1250 qui
361 1166 508 1229 metuens
531 1163 726 1229 Graecorum
748 1163 946 1228 iracundiam
967 1101 1054 1247 apud
1074 1165 1145 1228 An-

176 1254 323 1316 tenorem
345 1253 455 1335 ageret
484 1269 654 1332 senemque
677 1252 864 1332 parentem,
890 1248 928 1312 de
958 1249 1049 1313 cuius
1072 1271 1143 1314 ora-

177 1336 249 1401 culo
283 1334 486 1399 imminentia
517 1333 665 1398 Troianis
702 1333 787 1398 mala
820 1355 893 1397 cum
925 1333 1142 1418 cognovisset,

176 1421 263 1484 ultro
286 1419 462 1504 supplicem
484 1417 524 1482 ad
551 1441 606 1482 eos
628 1419 803 1482 decurrere.
847 1421 926 1481 tune
952 1418 1073 1483 nostris
1095 1417 1144 1482 fe-

139 1523 164 1564 15
178 1504 374 1570 stinantibus
412 1507 534 1567 secreta
577 1504 754 1585 dinoscere,
789 1501 836 1568 Oh
877 1523 926 1566 ses
967 1507 1050 1566 nutu
1093 1504 1145 1566 uti

178 1589 341 1654 silentium
364 1591 513 1672 ageretur
540 1587 701 1672 significat
733 1591 829 1670 atque
884 1587 1011 1651 elenum
1033 1607 1144 1651 seeum

178 1673 315 1738 abducit.
361 1694 380 1734 a
402 1692 466 1754 quo
489 1669 602 1735 doctus
630 1675 745 1735 cuneta
768 1671 898 1736 Graecis
925 1672 974 1735 uti
996 1671 1146 1736 audierat

177 1757 286 1838 refert,
309 1755 397 1820 addit
418 1761 584 1839 praeterea
605 1759 731 1838 tempus
753 1754 886 1820 Troiani
908 1754 1023 1820 excidii
1044 1755 1145 1839 idque

178 1840 374 1906 administris
397 1841 507 1904 Aenea
529 1843 624 1924 atque
643 1842 809 1904 Antenore
831 1840 911 1904 fore.
947 1843 1017 1905 tum
1038 1861 1146 1906 recor-

140 1946 165 1984 20
178 1923 245 1991 dati
273 1948 399 2022 eorum,
429 1945 526 2022 quae·
539 1922 673 1989 Calchas
701 1924 859 2009 edixerat,
888 1924 997 1990 eadem
1026 1929 1146 1990 cuncta

178 2007 871 2180 c'ungrXulelllila(liliinaliidlitadlioerili'iill'egresso
900 2093 1061 2176 utrimque
1084 2094 1145 2158 mi-

176 2180 234 2244 lite
256 2179 297 2243 ad
318 2178 502 2244 bellandum
534 2178 665 2260 plurimi
687 2177 901 2242 Troianorum
923 2177 1056 2260 eadunt,
1086 2179 1145 2242 sed

180 2285 218 2328 ex
241 2263 335 2327 sociis
358 2262 533 2326 auxiliariis
554 2284 629 2346 pars
652 2263 800 2328 maxima.
839 2267 873 2326 at
894 2263 950 2326 ubi
972 2261 1145 2326 vehemen-

139 2367 164 2408 a
179 2349 244 2412 tius
266 2347 306 2410 ab
335 2346 455 2411 nostris
483 2346 622 2411 instatur
651 2352 684 2412 et
712 2347 800 2413 omui
821 2368 882 2431 ope
903 2346 1025 2412 bellum
1048 2347 1145 2412 finire

178 2433 213 2496 in
234 2431 343 2496 auimo
367 2433 423 2514 est,
447 2431 540 2516 signo
556 2431 629 2497 dato
653 2431 717 2496 dux
732 2432 805 2496 duci
827 2431 1086 2515 occurritatque
1107 2432 1145 2498 in

178 2538 211 2582 se
233 2515 392 2601 proelium
414 2519 616 2581 convertunt.
652 2521 731 2582 tuuc
746 2516 929 2582 Philocteta
949 2537 1143 2600 progressus

178 2601 329 2666 adversus
351 2599 572 2664 Alexandrum
593 2602 730 2685 lacessit,
753 2601 780 2666 si
802 2601 949 2684 auderet,
972 2601 1144 2684 sagittario

178 2684 360 2752 certamine.
404 2685 450 2749 ita
472 2707 624 2750 concessu
649 2687 816 2770 utriusque
838 2686 939 2770 partis
961 2683 1075 2751 Ulixes
1098 2691 1145 2750 at-

139 2787 166 2830 oo
180 2792 241 2856 que
264 2768 453 2854 Deiphobus
475 2770 614 2854 spatium
636 2771 819 2836 certaminis
841 2771 1008 2835 definiunt.
1041 2770 1146 2856 igitur

199 2855 300 2920 rimus
316 2854 499 2919 Alexander
521 2856 680 2920 incassum
702 2855 853 2942 sagittam
868 2854 1044 2938 contendit,
1068 2854 1147 2919 dein

176 2879 359 3006 inuocato
385 2940 549 3004 insecutus
577 2939 739 3004 sinistram
766 2961 898 3004 manum
927 2939 1014 3005 hosti
1039 2944 1146 3005 trans-

177 3024 264 3108 figit,
287 3023 475 3089 reclamanti
496 3045 555 3107 per
576 3024 719 3089 dolorem
745 3023 892 3090 dextrum
914 3023 1044 3090 oculum
1071 3045 1146 3108 per·

246 3177 321 3229 xm.
339 3177 435 3228 nalal.
456 3145 638 3229 roo'ceoren.
658 3179 680 3228 P
700 3179 757 3233 130.

248 3297 395 3362 1chrysin
414 3296 461 3346 GB
489 3294 617 3360 Chrysam
638 3298 662 3346 P
720 3297 753 3347 10
770 3298 899 3362 nequisse
920 3297 946 3346 B
1008 3297 1146 3362 reagere

181 3363 228 3414 cB
258 3369 356 3428 ageret
372 3365 398 3413 P
465 3365 498 3415 23
517 3365 551 3414 ad
569 3363 897 3414 bellandum—maxima
911 3365 964 3414 PV
980 3365 1014 3414 ab
1029 3363 1146 3414 alexan-

179 3431 227 3479 dro
252 3431 354 3480 eadunt
377 3431 413 3482 ad
437 3431 503 3483 solis
526 3437 632 3497 partem
650 3432 796 3482 maximam
815 3432 862 3484 GB
903 3464 905 3468 .
936 3433 969 3482 25
986 3436 1077 3482 stetur
1095 3431 1147 3482 GB

178 3513 247 3548 corr.
270 3498 320 3548 VP
386 3501 418 3548 29
435 3499 524 3550 utrius
544 3499 572 3549 G.
