2424 3938
289 207 336 262 DE
356 206 504 264 EXCIDIO
524 207 661 262 TROIAE
684 206 864 264 HISTORIA.
1026 206 1070 270 43

75 356 235 437 exempta
262 352 406 416 moritur.
455 350 632 416 Alexandri
663 373 779 436 eorpus
810 351 850 415 ad
883 351 995 416 urbem
1022 373 1069 416 re·

80 441 194 505 fertur.
229 440 401 508 Diomedes
420 440 504 504 virili
523 440 631 505 animo
650 440 685 504 in
708 440 818 505 hostes
836 439 1070 523 inpressionem

80 529 170 594 feeit.
232 529 376 613 Phryges
413 528 491 592 fessi
526 529 562 592 in
598 528 711 593 urbem
748 528 952 613 confugiunt,
990 550 1069 612 quos

81 615 257 681 Diomedes
280 637 381 701 usque
404 617 439 680 in
461 617 573 682 urbem
597 616 808 703 persequitur.
843 616 1070 702 Agamemnon

83 705 260 770 exereitum
292 705 376 770 enea
407 705 562 789 oppidum
594 705 682 772 dueit
707 709 740 770 et
766 708 836 770 tota
864 709 958 770 noete
986 705 1096 770 oiroas»

84 815 213 860 murum
232 793 372 877 obsedit,
395 797 498 878 aurat,
522 798 559 859 ut
577 795 703 860 alterna
721 794 790 858 vioe
811 793 939 879 vigilias
962 798 1069 879 agant.

83 885 215 965 postera
241 882 292 946 die
319 881 468 948 Priamus
495 882 714 950 Alexandrum
742 882 778 946 in
800 882 919 966 oppido
947 882 1070 966 sepelit,

85 991 182 1054 quem
204 991 325 1055 magno
348 972 474 1038 ululatu
491 970 617 1038 Helen‘a
639 974 809 1056 prosecuta
831 974 894 1053 est,
917 971 1070 1056 quoniam

84 1059 126 1124 ab
159 1080 197 1123 eo
229 1059 402 1126 honorifice
434 1064 573 1126 tractata
609 1064 667 1126 est
726 1081 823 1144 quam
859 1058 1006 1124 Priamus
1038 1063 1071 1123 et

84 1145 221 1212 Heouba
247 1151 283 1212 ut
309 1148 410 1215 filiam
441 1154 635 1233 aspexerunt
669 1153 701 1214 et
734 1148 905 1233 diligenter
941 1163 1110 1214 aurave-10

83 1240 175 1318 runt,
203 1235 289 1320 quod
315 1258 492 1322 numquam
515 1237 674 1304 Troianos
697 1237 895 1321 despexisset
917 1233 1070 1322 Argivos-

84 1344 148 1407 que
170 1345 238 1388 non
264 1324 484 1407 desiderasset

174 1410 327 1478 XXXVI.
372 1414 507 1480 Postera
525 1414 575 1479 die
589 1414 817 1498 Agamemnon
835 1413 941 1499 eoepit
954 1415 1070 1478 exerei-

62 1537 65 1546 ·
84 1504 155 1564 tum
170 1505 245 1566 ante
259 1505 370 1585 portas
384 1502 542 1568 instruere
553 1506 586 1568 et
595 1500 766 1568 Dardanos
776 1503 817 1566 ad
826 1502 984 1586 proelium
998 1523 1070 1585 pro·

85 1610 208 1653 vocare.
253 1589 401 1656 Priamus
429 1591 616 1674 subsistere,
643 1592 757 1658 urbem
779 1590 904 1656 munire
927 1594 961 1654 et
983 1591 1110 1675 quie-15

86 1698 187 1760 seere,
205 1699 306 1762 usque
325 1679 402 1742 dum
415 1679 619 1744 Penthesilea
636 1701 710 1746 oum
724 1679 943 1746 Amazonibus
963 1700 1071 1762 super-

86 1765 219 1831 veniret
272 1765 477 1832 Penthesilea
512 1773 626 1852 postea
663 1769 861 1852 supervenit,
897 1768 1072 1832 exereitum

83 1858 200 1918 eontra
226 1853 505 1940 Agamemnonem
533 1856 647 1922 educit.
696 1857 734 1920 fit
759 1857 917 1940 proelium
947 1856 1072 1940 ingens,

85 1964 143 2025 per
162 1943 286 2028 aliquot
303 1944 371 2010 dies
388 1949 560 2029 pugnatur.
598 1943 713 2030 Argivi
730 1944 885 2029 fugantur
902 1944 937 2008 in
957 1947 1071 2025 eastra,

84 2030 321 2114 obprimuntur.
376 2033 428 2098 oui
458 2033 511 2098 rix
545 2031 718 2099 Diomedes
751 2032 893 2116 obsistit,
927 2031 1072 2116 alioquin
1086 2045 1112 2084 20

84 2140 189 2184 nares
203 2119 399 2188 incendisset
421 2125 454 2186 et
471 2121 668 2207 Argivorum
690 2123 875 2186 universum
898 2120 1071 2184 exereitum

86 2208 294 2273 devastasset.
352 2211 475 2293 proelio
512 2210 670 2295 dirempto
707 2210 935 2296 Agamemnon
972 2229 1005 2272 se
1037 2208 1072 2271 in

84 2297 200 2362 eastris
237 2298 405 2363 continuit.
463 2297 667 2364 Penthesilea
705 2320 780 2364 vero
818 2296 933 2363 cotidie
965 2295 1073 2380 prodit

159 2497 173 2544 1
188 2489 321 2544 continuo
336 2489 399 2544 add.
415 2488 442 2544 G
455 2493 518 2544 ante
531 2490 651 2546 moritur
710 2490 888 2545 talerandro
903 2488 993 2602 oeqilso
1008 2489 1072 2601 qaid.

981 2571 1010 2610 po
1034 2571 1059 2601 aa

82 2613 113 2668 G
127 2619 192 2682 poet
212 2613 351 2682 refertur!
367 2629 470 2684 magno
495 2630 538 2668 an.
562 2615 634 2685 inpr.
653 2615 683 2671 in
705 2615 734 2670 h.
752 2615 771 2670 f.
792 2614 818 2670 G
894 2612 955 2668 3in
974 2614 1073 2697 urbem

84 2701 253 2770 confugiunt
270 2702 297 2755 L
337 2703 505 2757 euertuntur
523 2703 595 2756 conf.
614 2703 645 2757 in
662 2703 761 2758 urbem
779 2706 876 2773 portas
895 2703 1029 2758 obserant
1047 2701 1073 2755 G

84 2779 103 2827 6
127 2772 252 2842 persedit
276 2772 303 2825 L
343 2772 455 2827 obsedit
477 2775 507 2827 et
530 2771 556 2828 G
577 2777 581 2841 Ι
602 2771 717 2828 alternis
743 2774 853 2828 uicibus
876 2772 929 2826 dili
950 2774 1029 2827 enter
1047 2770 1074 2825 G

84 2850 102 2896 '1
117 2843 147 2898 in
161 2843 266 2913 oppido
280 2859 330 2896 om.
345 2842 371 2895 L
443 2849 459 2898 8
473 2858 576 2915 magno
592 2844 715 2914 ululatu]
730 2844 909 2898 uulneratum
964 2846 968 2910 l
985 2857 1074 2910 quon-

80 2914 241 2968 iam-est
259 2929 309 2968 oea.
328 2914 356 2967 B
432 2920 448 2968 9
470 2914 620 2970 honestis
639 2916 812 2985 pertractata
831 2913 869 2968 sit
882 2913 909 2968 G
924 2915 928 2980 1
944 2913 1033 2966 filium
1048 2911 1074 2967 G

515 2997 540 3027 ΟΙ

85 3044 119 3090 11
140 3036 217 3106 desp.
236 3037 338 3092 troiam
359 3037 387 3091 G
421 3039 523 3094 troiam
542 3037 613 3109 disp.
632 3038 659 3091 L
731 3038 894 3107 reportem
913 3035 1023 3105 Glad]
1043 3035 1073 3090 in

82 3107 112 3162 G
128 3110 132 3176 Ι
149 3108 178 3162 in
198 3107 303 3163 bellum
317 3107 454 3178 proritare
474 3109 500 3163 V
561 3116 594 3166 16
614 3108 742 3166 silesoere
757 3108 785 3163 L
820 3107 963 3176 quiescere
981 3105 1074 3174 eoepit

83 3178 112 3234 G
187 3185 219 3233 16
238 3179 343 3234 auxilio
362 3180 427 3234 odd.
447 3179 551 3249 Gpost
575 3181 763 3236 Amazonibus
838 3183 870 3232 17
889 3179 988 3246 postea
1006 3192 1073 3245 pen·
1164 3241 1166 3252 Ι

82 3249 227 3305 tesileaG
262 3253 412 3319 postquam
426 3255 502 3319 pent.
524 3251 550 3303 V
620 3257 653 3306 18
668 3265 854 3322 agamemnon
868 3248 894 3302 G
966 3254 998 3302 19
1013 3245 1073 3300 dies

83 3319 136 3374 diu
155 3319 181 3376 G
197 3324 201 3387 Ι
217 3320 352 3390 fugantur
375 3337 425 3375 orn.
445 3321 471 3376 G
492 3325 496 3388 Ι
517 3322 593 3377 intra
611 3339 634 3376 o.
654 3321 680 3376 G
751 3326 785 3374 20
804 3318 942 3374 diomedis
961 3316 1074 3372 obstitit

84 3391 112 3446 G
128 3393 132 3458 l
149 3394 243 3446 castra
267 3393 408 3447 uastasset
433 3393 495 3446 add.
520 3392 630 3462 Gpost
655 3391 781 3461 alioquin
861 3396 894 3444 21
914 3392 943 3444 et
970 3404 1020 3442 om.
1048 3386 1074 3440 G

83 3468 120 3518 22
135 3461 247 3532 direpto
261 3461 318 3516 LG
334 3465 337 3530 Ι
354 3463 395 3534 se]
416 3479 480 3517 suos
495 3462 521 3517 G
594 3470 627 3517 23
642 3465 735 3518 eastra
748 3462 774 3516 L
790 3462 794 3532 l
809 3460 920 3516 retinet.
957 3458 1075 3514 Interim

82 3536 194 3603 pentes.
213 3532 292 3602 prod.
311 3534 378 3587 oott.
397 3533 460 3588 deu.
479 3549 537 3604 arg.
557 3534 587 3588 in
606 3533 639 3589 G.
