2424 3938
243 767 468 846 DARETIS
495 767 714 844 PHRYCII
739 765 810 840 DE
837 765 1057 842 EXCIDIO

409 921 603 999 TROIAE
630 919 889 998 HISTORIA.

142 1155 147 1170 ‘
185 1207 187 1213 y
246 1134 271 1198 I.
308 1133 414 1197 Pelias
431 1154 487 1198 rex
507 1133 554 1214 [in
572 1132 811 1215 Peloponneso]
831 1132 994 1198 Aesonem
1011 1133 1143 1198 fratrem

156 1222 279 1288 habuit.
324 1221 464 1286 Aesonis
491 1221 576 1285 filius
603 1224 673 1286 erat
694 1220 793 1286 Iason
820 1221 937 1286 virtute
963 1227 1144 1305 praestans,

157 1315 190 1376 et
213 1311 268 1397 qui
292 1311 351 1374 sub
370 1331 471 1395 regno
490 1309 558 1374 eius
582 1313 687 1393 erant,
711 1330 822 1374 omnes
840 1309 985 1394 hospites
1003 1310 1146 1374 habebat

158 1403 190 1464 et
213 1401 253 1464 ab
277 1401 323 1464 eis
346 1398 541 1464 validissime
565 1399 742 1463 amabatur.
788 1398 893 1462 Pelias
922 1419 978 1462 rex
1006 1402 1046 1462 ut
1068 1399 1146 1462 vidit

131 1488 307 1552 elaeonem
335 1491 404 1552 tam
434 1487 600 1569 aceeptuni
632 1508 702 1551 esse
734 1486 823 1552 omni
853 1487 992 1570 homini,
1024 1489 1147 1552 veritus

157 1664 267 1728 Iasoni
289 1662 418 1729 Colchis
441 1664 558 1747 pellem
580 1663 763 1728 inauratam
787 1664 895 1728 arietis
919 1685 989 1728 esse
1013 1664 1148 1750 dignam

157 1753 226 1817 eius
250 1752 382 1817 virtute:
412 1756 448 1816 ut
470 1773 541 1816 eam
570 1752 645 1816 inde
673 1752 825 1834 auferret,
849 1752 957 1817 omnia
981 1774 1015 1816 se
1042 1755 1074 1817 ei
1098 1755 1147 1817 ds-

157 1845 267 1906 turum
294 1841 471 1924 pollicetur.
522 1839 620 1905 lason
647 1840 703 1904 uhi
731 1841 865 1924 audivit,
893 1845 929 1905 ut
952 1845 1024 1905 erat
1048 1843 1148 1906 animi

119 1958 144 1997 10
157 1929 326 1994 fortissimi
354 1933 387 1994 et
415 1929 470 2014 qui
497 1930 568 1994 loca
596 1929 705 1993 omnia
731 1950 826 1993 nosse
849 1929 978 1994 volebat
1002 1934 1037 1994 et
1066 1931 1149 2015 quod

158 2018 326 2083 clariorem
350 2039 383 2082 se
406 2017 613 2083 existimabat
639 2017 797 2101 futurum,
825 2018 852 2081 si
879 2017 997 2100 pellem
1020 2018 1149 2083 inaura·

158 2111 225 2170 tam
252 2105 379 2172 Colchis
402 2106 600 2188 abstulisset,
624 2105 702 2170 dicit
719 2105 826 2169 Peliae
849 2105 918 2189 regi
946 2127 980 2169 se
1005 2127 1045 2172 eo
1070 2109 1150 2172 velle

158 2195 218 2277 ire,
242 2195 270 2258 si
284 2195 367 2259 vires
386 2194 527 2278 sociique
545 2216 612 2258 non
635 2193 790 2258 deessent.
824 2193 931 2258 Pelias
949 2215 1007 2258 rex
1020 2194 1150 2281 Argum

230 2385 366 2440 INCIPIT
385 2385 466 2440 IPSA
480 2385 653 2441 HISTORIA
668 2383 718 2439 DE
734 2384 883 2439 EXCIDIO
899 2384 1152 2442 TROIANORUII

160 2457 198 2510 M
213 2455 384 2512 EXPLICIT
402 2455 595 2512 PROLOGUS
610 2454 746 2511 INCIPIT
763 2455 936 2510 HISTORIA
954 2455 1004 2510 DE
1020 2457 1151 2513 TRoiAE

158 2526 308 2581 EXCIDIO
318 2527 366 2581 ET
378 2526 504 2581 RELLIS
516 2525 762 2580 TROIANORUM
773 2525 948 2581 CORNELII
958 2528 982 2581 A
997 2527 1151 2582 DARETII

159 2597 305 2652 PRIMUM
323 2595 533 2652 COMPOSITA
551 2597 578 2652 G

232 2675 245 2720 1
265 2667 363 2722 Peleas
382 2669 426 2724 lete
444 2674 469 2724 et
486 2669 566 2735 iesca
586 2667 624 2721 M
637 2671 641 2735 Ι
657 2683 705 2720 rex
723 2667 778 2721 fuit
792 2667 817 2722 G
832 2669 837 2735 Ι
853 2667 883 2722 in
901 2669 1098 2738 peloponense
1120 2671 1155 2724 M

159 2737 1153 2882 11111111111,01111111111111111

159 2883 237 2936 stans
256 2882 297 2936 eis
335 2881 365 2935 ui
383 2899 404 2936 s.
423 2880 514 2950 peliae
528 2898 550 2934 r.
565 2881 624 2934 eius
649 2879 804 2935 fuerantG
880 2886 896 2934 3
916 2896 1013 2934 omnes
1035 2898 1085 2937 eos
1106 2883 1134 2937 G
1150 2884 1152 2950 l

159 2951 261 3006 habuit
278 2951 308 3004 D
378 2951 461 3006 ualde
476 2949 615 3022 diligebat
628 2951 654 3005 G
725 2956 742 3003 4
761 2952 871 3006 amatus
891 2952 934 3006 est
948 2951 977 3004 D
989 2950 1016 3004 V
1052 2953 1156 3022 dilige·

159 3023 243 3077 batur
266 3022 295 3077 vl
319 3021 512 3076 amabaturG
584 3027 599 3076 6
619 3019 736 3076 Insidias
756 3021 784 3076 B
805 3023 809 3091 l
830 3021 955 3076 facerent
975 3023 1032 3091 Ml
1052 3040 1083 3078 se
1103 3040 1155 3078 coi.

160 3092 186 3148 G
202 3096 205 3162 Ι
222 3092 336 3163 eiceret]
356 3092 483 3162 priuaret
500 3091 566 3144 DV
600 3093 676 3148 etse
695 3109 716 3146 r.
737 3092 839 3147 eiceret
857 3108 908 3146 ola.
928 3090 966 3145 M
1038 3099 1055 3147 7
1076 3096 1157 3162 apud

159 3163 271 3218 colchos
286 3162 312 3218 G
328 3167 331 3231 Ι
349 3179 386 3216 ar.
398 3163 523 3217 ineunt}
539 3164 543 3230 l
559 3162 676 3232 dignum
691 3161 769 3217 cuius
778 3161 913 3217 uirtutem
927 3165 1077 3232 expertam
1092 3183 1156 3219 esse

160 3235 186 3288 G
251 3239 268 3288 8
287 3249 349 3288 eam
368 3233 473 3304 pellem
491 3231 517 3288 G
533 3235 613 3302 lecet
626 3233 736 3288 auferat
756 3233 819 3288 odel.
835 3233 873 3288 G:
888 3233 1041 3303 praecepit.
1071 3233 1159 3300 Quod

161 3305 185 3357 si
203 3303 302 3358 fecerit
320 3319 392 3372 quae
411 3303 569 3372 poposcerit
588 3303 623 3358 ab
643 3320 676 3359 eo
692 3307 697 3372 1
713 3305 740 3358 11
754 3321 782 3358 11
797 3303 824 3358 G
896 3311 911 3358 9
930 3303 1078 3373 pollicitus
1094 3307 1137 3359 M
1151 3308 1154 3361 l

161 3372 210 3424 ubi
228 3373 298 3426 haee
317 3373 343 3427 G
420 3381 452 3428 10
476 3373 645 3428 fortissimus
665 3375 720 3442 Ml
739 3377 767 3429 et
791 3374 878 3444 quod]
900 3376 984 3442 alque
1004 3373 1030 3428 G
1051 3391 1104 3429 om.
1134 3377 1160 3428 I‘

164 3445 196 3490 12
216 3440 303 3493 colcis*
319 3443 485 3513 abstulisset*
501 3445 529 3497 et
550 3443 587 3496 M
601 3444 604 3514 l
621 3445 700 3513 peleo
722 3436 777 3515 M‘l
795 3443 867 3499 uelle
886 3460 920 3499 eo
942 3445 967 3497 G
1032 3451 1066 3498 13
1083 3447 1110 3500 si
1123 3479 1157 3485 —-

163 3507 290 3560 deessent
308 3526 357 3564 om,
379 3513 422 3565 M.
1079 3542 1081 3548 ¹
