2460 3940
360 199 472 252 BELLI
489 201 640 254 TROIANI
658 203 728 254 LIB.
745 203 778 255 V.
1010 205 1051 270 99

83 349 183 413 tantis
204 349 448 434 tempestatibus
476 355 608 435 propter
634 353 802 418 mulierem
830 356 953 438 experti
979 377 1050 440 per·

6 481 7 514 3
83 435 231 518 pessique
258 438 379 518 essent,
407 435 530 520 primus
559 437 703 502 omnium
729 439 867 504 interfici
895 461 965 504 eam
987 441 1050 506 ius·

6 523 7 530 ’
84 522 182 583 serat:
211 519 276 582 iem
297 541 340 584 ue
363 519 617 604 adprobantibus
646 523 816 588 consilium
837 524 947 589 Aiacis
968 526 1049 590 mul·

6 659 7 664 ,
83 603 126 668 tis
155 603 251 668 bonis
320 605 450 669 enelaus
489 626 631 670 amorem
664 608 807 694 coniugii
843 610 939 674 etiam
970 613 1049 675 tune

83 689 225 753 retinens
252 688 398 774 singulos
431 691 605 756 ambiundo
638 693 824 778 orandoque
857 693 898 758 ad
923 698 1073 778 prestre-⁵

83 793 172 838 mum
192 773 385 859 periecerat,
413 775 462 839 uti
483 775 660 841 intercessu
681 775 787 842 Ulixis
808 775 934 843 Helena
962 779 1049 844 inco·

82 857 178 923 lumis
207 859 268 923 sibi
295 859 482 925 traderetur.
527 861 636 960 itaque
663 863 713 926 uti
740 863 858 928 iudicio
880 864 1049 928 amborum

77 943 198 1008 'merite
220 948 433 1028 expectantes,
456 945 528 1028 quis
551 950 648 1010 etiam
670 967 756 1012 nune
777 947 898 1012 bellum
926 949 962 1012 in
983 969 1049 1012 rne-

81 1027 178 1092 nibus
205 1032 302 1112 atque
329 1029 463 1094 hostiles
490 1029 611 1094 multae
637 1031 786 1097 nationes
809 1033 1049 1118 circumstrepe-

81 1116 164 1195 rent,
186 1113 287 1178 nullc‘
299 1111 417 1178 dilectu
432 1115 576 1180 virorum
596 1115 732 1181 fortium
746 1118 926 1202 spretisque
938 1118 1053 1183 Aiacis.
1061 1137 1086 1177 10

83 1197 221 1283 egregiis
253 1198 451 1264 facinoribus
473 1221 511 1264 ec
537 1199 708 1285 frumenti,
731 1202 818 1286 quod
845 1223 884 1267 ex
911 1202 1049 1267 Thracis

82 1283 268 1368 advexerat,
291 1305 349 1367 per
371 1287 475 1349 tetum
504 1285 678 1350 exercitum
705 1287 930 1352 distributione
958 1285 1048 1352 Ulixi

79 1365 262 1432 Palladium
284 1367 425 1434 tradunt.

144 1451 238 1518 Π.
288 1451 526 1529 Quarecuncti
554 1454 649 1518 duces
682 1455 739 1538 qui
767 1463 936 1520 memores
949 1455 1047 1520 virtu-

80 1540 152 1600 tum
166 1538 274 1602 Aiacis
296 1538 380 1603 nihil
394 1539 641 1622 praeferendum
661 1539 690 1602 ei
713 1544 904 1604 censuerant
929 1541 1047 1624 quique
1060 1556 1085 1598 15

80 1623 182 1686 secuti
213 1623 352 1708 grstimn
379 1623 469 1689 Ulixi
501 1624 772 1708 impugnaverant
803 1625 902 1690 talem
932 1625 1047 1709 virum,

79 1705 187 1772 studio
209 1707 245 1772 in
259 1712 366 1793 partes
382 1709 557 1774 discedunt.
600 1709 730 1773 interim
750 1709 833 1776 Aiax
861 1709 1047 1795 indignatus

80 1795 113 1856 et
140 1792 184 1856 cb
210 1791 244 1856 id
270 1793 373 1858 rictus
402 1793 512 1858 dolore
540 1793 640 1858 animi
671 1793 779 1877 pelam
805 1798 901 1878 atque
927 1796 963 1859 in
992 1815 1047 1859 ere

79 1877 225 1941 omnium
248 1877 423 1942 vindictum
451 1899 485 1942 se
512 1878 670 1963 sanguine
700 1900 825 1964 eorum,
854 1901 873 1942 s
895 1880 966 1962 quis
988 1880 1046 1943 im-

78 1965 363 2110 pjiignatusAesset,
386 1968 573 2028 exacturum
575 1963 772 2111 primulum
815 1963 925 2110 itisfflrc
947 1984 985 2027 ex
1008 1983 1046 2060 eo
1059 1981 1086 2022 so

125 2067 193 2110 1xes
290 2068 463 2112 smemnon
505 2069 542 2112 ac
611 2069 671 2112 ene
684 2069 741 2111 aus
784 2067 839 2112 cus
895 2069 961 2110 rem
997 2069 1047 2111 sur

79 2067 528 2282 ttt⁶‘⁶ttit¹t0lbtt
541 2136 914 2282 brittulensis
930 2130 1047 2280 titi

77 2299 220 2364 lacerare
242 2304 413 2385 utrumque
435 2321 545 2386 regem
558 2321 664 2385 neque
685 2301 846 2366 abstinere
859 2299 1045 2385 maledictis,

77 2385 201 2469 quippe
227 2386 299 2469 quis
326 2386 430 2534 magis
457 2384 557 2451 libido
587 2385 841 2470 desideriumque
868 2385 1046 2485 inniemine
1059 2401 1084 2443 25

76 2491 176 2553 quem
200 2491 324 2535 summe
344 2471 388 2536 mi
402 2471 478 2536 itiee
499 2471 628 2555 potiore
648 2472 766 2536 forent.
804 2474 839 2536 at
858 2470 938 2536 luc1s
959 2491 1047 2555 pnn-

74 2555 390 2722 tttstzttt
400 2555 1046 2726 cesseritcesserit·
1160 2579 1162 2582 ’

74 2722 208 2788 fectum.
253 2725 328 2788 inde
358 2729 446 2790 ortus
473 2747 532 2811 per
558 2725 653 2790 duces
680 2729 777 2811 atque
800 2725 974 2790 exercitum
996 2728 1045 2789 t·

75 2807 200 2873 multus
222 2808 340 2894 ingens
354 2831 391 2874 sc
413 2811 488 2875 dein
503 2809 616 2876 seditio
635 2811 726 2875 brevi
740 2809 859 2893 adulte,
882 2831 954 2874 eum
969 2816 1043 2872 unte
1057 2823 1084 2864 ³0

6 2957 14 2970 ,
75 2893 144 2958 iam
174 2893 369 2958 Palameden
403 2895 508 2959 virum
537 2895 623 2960 domi
657 2894 809 2979 belloque
838 2893 1046 2977 prudentissi·

74 2999 168 3042 mum
201 2997 288 3044 nunc
317 2979 464 3064 Aiacem,
499 2979 648 3044 inclitum
678 2981 730 3044 tot
761 2978 900 3064 egregiis
926 2977 1046 3063 pugnis

75 3065 176 3146 atque
202 3066 356 3147 utrosque
389 3064 515 3128 insidiis
550 3085 660 3130 eorum
696 3065 930 3129 circumventos
956 3064 1046 3148 inge·

78 3151 267 3212 mescerent.
313 3149 356 3212 ob
377 3170 459 3233 quae
481 3148 657 3234 supradicti
678 3169 770 3236 reges
791 3149 896 3232 veriti,
918 3168 960 3211 ne
982 3167 1046 3230 qua

74 3232 125 3296 ris
157 3234 197 3298 ab
225 3233 367 3298 exercitu
393 3237 577 3320 pareretur,
609 3235 697 3299 intus
732 3234 832 3298 eleusi
858 3231 1040 3316 firmetique
1053 3246 1079 3288 ³⁵

73 3339 135 3402 per
163 3318 361 3383 necessarios
389 3323 531 3384 manent.
580 3318 711 3384 interim
737 3317 969 3402 Neoptolemus
992 3315 1045 3381 ed·

145 3559 179 3609 10
197 3558 354 3624 preciisque
375 3557 551 3624 GBffl'spretis
568 3560 595 3608 P
661 3560 690 3607 11
711 3561 754 3609 tot
773 3557 893 3622 egregiis
911 3558 942 3607 P.

856 3652 892 3708 7·
