2414 3946
298 272 346 319 nn
368 271 429 318 me
452 272 584 318 nurum
608 272 683 320 car.
700 273 785 320 xvrr.
982 257 1024 323 35

50 409 133 489 quod
160 417 278 489 tempus
305 411 409 488 procul
437 410 526 472 dubio
548 410 675 472 naturali
701 412 795 473 maius
822 418 866 471 est
892 411 1020 475 saeculo.

49 494 132 573 quod
154 495 261 573 siquis
278 496 373 556 credit
387 495 464 556 ludis
480 493 681 557 saecularibus
702 495 819 557 saecula
835 520 868 566 s,
891 497 953 558 sola
969 515 1022 557 no·
1043 510 1074 562 13

48 580 140 640 minis
156 579 269 656 origine
285 579 434 650 inductus
450 581 523 640 sciat
538 579 706 641 saeculares
723 581 779 641 dici
795 582 926 660 potuisse
943 582 1022 661 quod

47 661 228 743 plerumque
243 662 336 725 semel
358 664 430 724 fiant
444 664 572 725 hominis
588 671 697 732 aetate,
721 671 754 724 ut
769 665 860 725 multa
877 665 932 727 alia
948 683 1023 744 quae

12 755 29 805 5
48 765 121 808 rara
142 754 212 809 sunt
234 755 301 827 post
322 747 474 810 saeculum
497 751 614 810 evenire
635 747 817 829 loquentium
841 752 1023 812 consuetudo

48 838 185 910 usurpat.

116 917 176 978 Sed
196 917 291 977 nostri
312 917 455 987 maiores,
478 917 556 997 quod
578 927 682 978 natura
705 917 857 978 saeculum
880 925 1023 997 quantum

48 1008 131 1062 esset
151 1001 335 1081 exploratum
357 1019 417 1062 non
438 1001 601 1072 habebant,
626 1000 708 1062 civile
730 1003 765 1063 ad
783 1009 897 1064 certum
920 1004 1023 1063 modu·

47 1085 112 1147 lum
128 1102 276 1146 annorum
293 1092 411 1147 centum
427 1093 602 1148 statuerunt.
636 1087 718 1148 testis
734 1093 779 1148 est
792 1087 877 1158 Piso,
893 1089 924 1148 iu
940 1089 1023 1150 cuius

4 1179 27 1227 .0
48 1168 151 1230 annali
171 1171 295 1249 septimo
311 1171 453 1248 scriptum
475 1177 519 1230 est
540 1172 596 1230 sic:
620 1171 730 1232 Roma
752 1171 904 1232 condita
925 1190 1023 1232 anno

46 1266 97 1315 Dc
118 1257 315 1332 septimum
338 1255 527 1332 saeculum
556 1256 697 1333 occipit
719 1255 776 1316 his
799 1255 1023 1317 consulibus

46 1340 114 1419 qui
151 1341 314 1417 proximi
349 1347 434 1400 sunt
471 1339 664 1409 consuler,
704 1339 742 1400 M.
773 1341 948 1401 Aemilius
982 1341 1020 1400 M.

47 1421 158 1484 lilius
186 1423 368 1501 Lepidus,
407 1425 441 1486 G.
473 1422 643 1502 Popilius
666 1437 693 1484 11
722 1422 870 1484 absens
916 1424 1023 1486 sedut

45 1509 131 1568 hunc
152 1526 296 1569 annorum
314 1526 472 1569 numerum
494 1510 709 1573 constituerent
729 1509 837 1578 nostri,
868 1526 928 1569 non
949 1505 1023 1570 nihil

4 1601 25 1649 ,5
46 1609 158 1654 causae
176 1591 243 1662 luit,
266 1594 393 1671 primum
410 1593 488 1672 quod
505 1591 613 1654 multos
628 1609 750 1652 suorum
768 1593 873 1654 civium
890 1593 1022 1655 adhunc

45 1683 177 1738 aetatem
192 1676 358 1755 perducere
373 1676 522 1747 videbant,
540 1677 608 1738 dein
624 1677 703 1755 quod
718 1677 873 1748 Etruscos,
892 1696 1021 1759 quorum

44 1762 147 1840 prima
168 1760 285 1822 saecula
307 1769 464 1822 centenum
481 1761 601 1822 luerunt
623 1779 787 1833 annorum,
810 1764 898 1823 etiam
920 1763 967 1822 hic
989 1770 1022 1823 ut

43 1848 76 1905 in
95 1844 161 1906 aliis
173 1844 347 1925 plerumque
362 1845 470 1907 imitari
485 1845 649 1908 voluerunt.
674 1853 829 1926 praeterea
845 1847 912 1909 fieri
923 1854 1020 1924 potest
1039 1857 1072 1908 14

44 1929 129 2010 quod
152 1929 243 1991 refert
264 1930 371 2000 Varro,
404 1929 483 2009 quod
505 1930 693 1992 Dioscorides
718 1930 885 2008 astrologus
906 1929 1017 2000 scribit,

4 2022 25 2072 το
43 2014 250 2076 Alexandriae
265 2015 343 2076 inter
365 2032 416 2076 eos
432 2016 480 2093 qui
496 2024 630 2077 mortuos
644 2013 752 2075 sallunt
767 2024 903 2076 constare
924 2015 1020 2076 homi-

43 2117 118 2160 nem
139 2098 208 2178 plus
223 2106 340 2160 centum
364 2117 456 2160 annos
472 2101 569 2161 vivere
585 2118 645 2160 non
662 2117 764 2177 posse,
789 2099 880 2177 idque
896 2117 949 2161 cor
964 2098 1018 2160 ho·

43 2185 164 2244 minum
187 2183 339 2245 declarare
366 2201 469 2246 eorum
492 2187 542 2264 qui
563 2186 670 2263 integri
690 2183 845 2262 perierunt
866 2185 930 2246 sine
952 2202 1017 2245 cor·

43 2268 132 2346 poris
153 2267 237 2338 tabe;
259 2267 326 2330 ideo
349 2268 428 2348 quod
445 2269 543 2329 multis
564 2270 649 2329 anuis
670 2267 827 2347 pendendo
850 2286 902 2329 cor
923 2271 1020 2330 omnis

43 2353 153 2414 aetatis
173 2353 354 2414 incrementa
377 2362 405 2414 et
426 2353 642 2414 deminutiones
662 2371 860 2415 conseruere:
886 2362 915 2416 et
936 2355 1019 2415 anni-

7 2447 23 2494 5
43 2435 107 2498 culi
125 2436 260 2514 pendere
282 2437 355 2500 duas
377 2437 528 2514 dragmae,
551 2437 622 2498 bimi
638 2444 793 2518 quattuor,
817 2439 901 2499 etsie
921 2440 952 2498 in
968 2457 1020 2499 an-

43 2540 104 2583 nos
127 2521 259 2599 singulos
281 2541 375 2602 usque
401 2522 437 2583 ad
458 2523 666 2602 quinquaginta
688 2523 831 2584 accedere
852 2522 952 2594 binas;
982 2521 1019 2584 ab

45 2667 255 2679 ——u-—a——t

116 2745 142 2792 2.
163 2742 236 2792 cludi
253 2748 314 2792 ante
326 2741 398 2791 ludis
415 2742 477 2791 add.
490 2741 675 2798 Laomedonue,
694 2740 816 2791 discerni
831 2749 892 2806 post
904 2742 1020 2792 saecula

44 2811 143 2862 Carrio
214 2812 237 2862 7.
266 2809 395 2860 naturale
417 2811 489 2874 culco
556 2815 618 2873 poet
639 2807 779 2858 saeculum
798 2809 861 2859 DV
879 2824 914 2858 erc
934 2825 961 2872 p.
984 2812 1019 2857 34

42 2895 81 2929 vs.
96 2879 133 2927 25
151 2879 213 2926 add.
227 2892 356 2941 ccxcnrr,
374 2877 415 2926 dic
431 2877 510 2941 igitur
526 2883 597 2926 recte
615 2891 673 2938 1111,
692 2890 742 2925 non
755 2890 791 2924 111
860 2876 885 2926 8.
904 2887 1018 2925 eruerem

41 2947 78 3009 Ι),
101 2944 186 2994 ciuile
208 2945 257 2995 V'
302 2947 342 2998 11.
364 2943 617 3009 ·d·seprunoDV,
637 2943 903 2996 commonuerimus
972 2957 1019 2992 ac-

43 3026 119 3078 crprr
139 3012 203 3076 DV,
221 3027 291 3065 corr.
304 3011 422 3077 Scaliger
440 3012 539 3076 (ccipit
557 3013 621 3062 coni.
634 3011 802 3060 Mommseoos
814 3009 933 3062 Odroool.
946 3010 1019 3062 Rom.

40 3098 71 3145 p.
83 3077 146 3145 191)
219 3081 258 3129 12.
279 3091 391 3129 ememus
409 3080 434 3128 D
503 3077 712 3142 u·r·lsepidus
735 3079 761 3127 V
778 3077 817 3140 (u.
838 3093 864 3127 r.
885 3077 983 3140 ecrit.)

43 3147 129 3199 eedut
145 3147 179 3209 V,
199 3146 271 3197 sedit
282 3148 385 3197 mutavit
404 3149 460 3197 Im.
532 3148 571 3197 15.
590 3145 663 3194 hanc
682 3145 738 3195 DV
806 3147 845 3198 16.
864 3145 1017 3210 producere

41 3220 119 3280 uulgo
192 3213 232 3264 17.
250 3209 293 3280 nt]
314 3217 343 3264 et
364 3214 390 3264 V
457 3215 499 3266 18.
521 3215 630 3262 imitare
653 3214 678 3262 V
744 3218 893 3278 praeterea
912 3211 1018 3262 adferri

42 3281 306 3334 conimbricensis
360 3283 399 3332 19.
414 3280 540 3346 quodque
553 3279 729 3330 Dioscorides
741 3285 813 3344 vulco
867 3281 978 3344 scripsit
995 3279 1023 3330 V

43 3353 86 3402 20.
108 3364 158 3400 eos
178 3364 248 3414 quse
271 3349 298 3399 V
347 3348 452 3399 sallunt
464 3348 650 3406 karlemannus,
670 3362 775 3397 soneur
792 3349 848 3397 DV
916 3349 957 3397 21.
976 3346 1018 3396 id·

43 3433 98 3483 que
123 3432 172 3468 cor
190 3416 331 3468 hominnm
348 3417 539 3478 hartmannus,
563 3415 667 3466 idcirco
686 3415 833 3464 humarum
853 3415 908 3466 DV
975 3417 1016 3466 23.

42 3483 175 3551 pependo
198 3485 225 3535 V
292 3487 332 3534 24.
353 3482 531 3535 cousensusNT
551 3482 597 3546 (nr
613 3484 727 3546 sortasse
746 3499 762 3531 o
777 3499 821 3546 pr.
839 3483 873 3546 m)
891 3485 929 3545 D,
954 3497 1017 3532 con·

43 3557 161 3604 seruent
183 3554 215 3616 V,
235 3553 385 3604 observent
401 3555 472 3617 vulgo
542 3554 583 3601 26,
604 3550 805 3616 qninquaginta
828 3551 854 3601 V
868 3553 894 3600 in
912 3565 965 3598 roe.

768 3631 812 3694 3*
