2460 3940
177 211 239 276 102
487 212 617 264 DICTYS
635 211 837 265 ORETENSIS

176 383 268 428 verso
296 365 406 427 lamen
434 361 520 428 inber
548 370 582 426 se
603 382 750 428 sermone
778 365 895 448 agunt,
924 383 998 428 eum
1017 383 1060 428 ne
1082 385 1144 430 nos

177 445 308 531 quidem
329 447 425 512 nnius
448 446 653 531 eiusdemque
679 446 802 512 insulae
832 445 930 512 simili
951 447 1065 546 lingna
1087 448 1145 514 sed

175 531 266 596 varia
286 532 507 616 permixlaque
529 535 666 596 utamur.
703 531 805 616 igilur
825 553 872 615 ea,
895 553 977 616 quae
998 555 1034 597 1n
1056 532 1143 600 bello

176 637 311 682 evenere
333 617 464 682 Graecis
492 636 530 680 aa
559 615 715 700 barbatis,
746 621 862 682 annale
887 617 992 682 ueiens
1037 639 1143 702 erpes-

150 721 292 785 5susque
319 722 438 788 magna
463 723 502 768 ex
523 704 614 785 parte
640 701 813 768 memoriae
834 701 969 781 prodidi
1014 639 1053 768 ie
1075 705 1145 768 An·

174 789 287 851 benere
317 788 449 870 eiusque
476 806 577 871 regno
610 807 691 869 quaa
720 785 882 854 audieram
910 787 1024 854 retuli:
1053 809 1142 854 nune

175 870 314 936 reditum
335 863 520 938 no'slrorum
540 891 671 936 narrare
693 870 791 936 iuvat.

458 1160 615 1236 LIBER
642 1159 856 1238 SEXTUS.
948 1187 955 1196 ·

259 1326 285 1392 I.
335 1327 512 1412 Postquam
545 1327 704 1411 impositis
740 1327 879 1410 eunetis,
913 1348 995 1412 quae
1022 1327 1145 1414 singuli

177 1411 262 1476 bello
285 1413 526 1497 quaesiverunt,
554 1412 724 1478 ascendere
746 1412 822 1496 ipsi,
851 1410 965 1477 solutis
988 1411 1145 1477 anehora-
1221 1410 1222 1480 l

138 1518 163 1558 10
176 1495 260 1560 libus
282 1498 449 1580 navigant.
486 1495 562 1562 dein
583 1497 719 1645 adpuppi
741 1497 935 1562 secundante
949 1499 1048 1561 vento
1063 1519 1143 1580 pau·
1221 1493 1222 1572 l

176 1581 222 1645 eis
250 1580 361 1646 diebus
381 1603 557 1664 pervenere
586 1604 605 1645 a
648 1584 813 1667 Aegaeum
835 1603 938 1646 mere:
966 1581 1013 1646 ibi
1040 1581 1145 1646 multa
1221 1581 1222 1598 l

175 1665 332 1729 imbribus
355 1665 523 1749 ventisque
546 1670 579 1730 el
600 1668 641 1731 ob
667 1667 700 1731 id
722 1666 884 1730 saeviente
906 1666 987 1730 mari
1008 1666 1145 1752 indigna

176 1750 300 1832 experti
320 1750 450 1834 passim,
471 1750 520 1814 nli
540 1751 608 1816 fors
627 1751 756 1836 tulerat,
775 1750 983 1836 dispalanbur.
1020 1750 1056 1816 in
1071 1751 1144 1836 quis
1221 1799 1222 1810 a

176 1833 352 1900 Locrorum
379 1834 488 1900 elassis
521 1836 715 1919 perturbatis
741 1857 800 1984 per
825 1839 1051 1921 tempestalem
1073 1835 1145 1900 offi-

139 1938 165 1982 15
178 1919 235 1984 eiis
262 1923 433 1984 nautarum
460 1923 492 1984 el
513 1919 599 1986 inber
620 1942 653 1986 se
675 1921 742 2004 imp
759 1920 847 1985 'calis
881 1919 922 1984 ad
941 1923 1144 2004 postremum
1221 1927 1222 1940 ¹

176 2003 311 2069 fulmine
339 2004 537 2070 comminuta
565 2010 621 2071 aul
648 2005 779 2070 incensa
802 2009 868 2070 est:
897 2009 930 2070 eb
950 2027 1006 2069 rex
1027 2004 1145 2070 Locro·

175 2109 247 2153 rum
275 2090 359 2155 Aiax
392 2093 563 2173 postquam
596 2090 740 2156 nalando
770 2089 903 2154 evadere
935 2090 1145 2187 naufragium

176 2173 284 2238 enisus
306 2178 356 2238 est
376 2173 495 2258 aliique
516 2175 635 2240 tabulis
662 2180 719 2240 aut
746 2173 810 2238 elio
833 2174 992 2240 levamine
1013 2175 1145 2239 fluitan-

175 2261 225 2321 les
252 2263 424 2342 postquam
457 2257 498 2322 ad
523 2258 689 2333 Euboeam
724 2257 879 2323 davonem
885 2309 895 2342 ,
923 2257 1145 2326 Ohoeradibus

139 2361 164 2401 ao
179 2342 319 2425 scopulis
348 2341 473 2489 adpulsi
500 2348 652 2425 pereunt:
687 2365 742 2409 eos
776 2365 916 2428 namque
949 2365 984 2407 re
1013 2345 1146 2430 eognila

176 2425 335 2510 Nauplius
362 2449 383 2490 u
397 2430 467 2491 lum
498 2427 545 2492 ire
573 2429 704 2513 eupiens
738 2427 918 2493 Palamedis
946 2449 1059 2493 neeem
1086 2449 1147 2514 per

176 2515 303 2575 noalem
326 2511 396 2596 igni
418 2509 502 2577 elalo
518 2512 559 2578 ad
581 2535 619 2578 ea
639 2513 711 2579 loea
726 2511 893 2578 deflectere
914 2515 1080 2597 lemquam
1103 2513 1146 2578 ad

175 2599 306 2679 portum
328 2600 486 2681 coegerat.

260 2679 302 2744 H.
339 2679 402 2745 Per
423 2681 509 2746 idem
530 2686 657 2766 tempus
678 2681 766 2748 Oeax
786 2681 909 2766 Naupli
931 2681 1027 2764 filius,
1050 2680 1144 2746 Pela·

138 2783 164 2824 aa
177 2765 277 2830 medis
297 2764 397 2829 freber
417 2767 548 2851 eognilo
564 2766 703 2832 Graecos
724 2765 765 2831 ad
781 2787 856 2830 suos
877 2787 1019 2831 remeare
1035 2767 1144 2856 Argos

120 2921 122 2925 ,
178 2851 282 2933 venii,
310 2850 356 2914 ibi
377 2851 536 2936 Aegialeo
563 2855 659 2936 abque
682 2850 927 2936 Clytemestram
948 2849 1039 2914 falsis
1061 2871 1146 2916 nun·

175 2935 230 2998 tiis
253 2934 422 3000 adversum
450 2937 582 3001 meritos
616 2939 720 3000 armai
751 2934 915 3019 praediolo
945 2933 1061 3000 ducere
1089 2955 1146 3000 eos

176 3039 285 3082 seeum
318 3041 358 3083 ex
389 3019 487 3084 'Proin
518 3042 633 3086 uxores
671 3020 835 3104 praelales¹
870 3020 930 3084 his.
978 3022 1147 3103 praeterea

243 3208 354 3260 II-IV.
373 3205 467 3262 Malal.
487 3209 619 3260 les-171
639 3207 793 3262 Codrum?
814 3211 870 3260 133.

244 3361 404 3410 bmemoria
421 3359 494 3412 edidi
513 3360 560 3411 GB
589 3361 735 3412 memoriae
753 3361 858 3411 tradidi
870 3361 901 3424 P,
919 3361 1017 3425 scripsi
1034 3359 1145 3425 prodidi

177 3427 194 3474 9
212 3426 332 3476 solntiG
361 3427 459 3478 solutis
471 3427 497 3476 B
566 3431 597 3480 la
609 3445 658 3494 per
676 3434 785 3479 noctem
803 3429 863 3479 libri
879 3437 939 3492 poet
952 3427 1064 3493 aliique,
1077 3442 1143 3496 quae

176 3493 255 3542 verba
272 3508 308 3542 ea·
324 3509 396 3560 seqq.
408 3495 456 3546 buo
473 3497 609 3561 irrepsisse
627 3498 740 3548 editores
757 3513 808 3548 noa
822 3497 891 3562 sugit
953 3499 986 3548 20
999 3494 1108 3561 scopuli
1122 3495 1144 3546 G

177 3558 281 3625 seopul'
298 3559 324 3608 B
392 3564 425 3611 24
442 3562 511 3613 ido
545 3563 618 3614 idam
635 3562 669 3618 B.
