2416 3944
342 171 454 222 BELLI
473 171 624 223 TROIANI
644 173 713 224 LIB.
732 174 769 224 11.
994 173 1035 236 47

68 343 152 404 quae
180 321 363 404 anteposito
393 321 515 386 civitati
544 322 723 386 continenti
752 322 819 395 eius
842 322 1037 408 adiungitur,

67 404 210 471 secunda
244 405 371 469 circiter
398 406 511 490 vigilia
537 406 700 490 ingressus
723 405 879 471 Troianos
908 429 1037 491 campos

67 489 293 573 explicitisque
330 491 480 554 tentoriis
520 490 639 554 ibidem
678 491 890 574 operiebatur.
951 493 1038 575 quod

66 575 125 640 ubi
139 572 314 638 Diomedes
338 596 410 638 cum
426 573 531 657 Ulixe,
555 575 682 659 vigilias
704 575 739 639 in
762 596 799 640 ea
813 579 905 658 parte
927 596 1038 640 curan-

65 665 116 723 tes
150 657 264 742 procul
298 659 565 742 animadvertere,
593 660 655 724 reti
683 659 840 725 lroianos
867 659 1064 726 cPriamos

66 743 274 827 exploratum
298 743 413 809 missos
435 744 569 827 arreptis
591 745 687 808 armis
709 765 785 808 mox
803 766 913 828 presso
936 745 1038 830 gradu

67 827 428 925 circumspicientesque
455 829 563 892 omnin
589 830 730 913 pergunt
757 829 797 892 cd
826 851 899 893 eum
920 829 1036 894 locum.

67 917 141 994 turn
164 912 309 997 fatigatis
332 933 371 976 ex
392 912 507 977 itinere
530 913 714 978 custodibus
742 917 775 978 et
802 915 844 978 ob
868 913 902 977 id
923 934 1037 978 somno

65 997 189 1080 pressis
210 1017 327 1080 eosque
350 1000 383 1061 et
403 997 538 1062 interius
553 998 716 1082 progressi
738 998 773 1062 in
787 998 866 1083 ipsis
888 998 1038 1062 tentoriis

65 1102 180 1167 regern
202 1081 409 1146 interficiunt.
455 1081 529 1146 dein
549 1082 633 1154 nihil
660 1084 746 1148 ultre
773 1082 954 1148 cudendum
975 1083 1038 1146 reti
1052 1109 1077 1148 ιο

66 1187 202 1230 currum
230 1166 298 1230 eius
326 1169 359 1230 et
387 1187 459 1230 cum
492 1167 630 1252 egregiis
664 1167 845 1252 insignibus
872 1189 971 1250 equos
999 1167 1039 1231 sd

64 1272 171 1316 naves
201 1249 331 1315 ducunt.
387 1250 433 1314 itc
460 1252 621 1334 reliquum
652 1253 757 1316 noctis
790 1252 825 1316 in
854 1252 920 1316 suis
955 1252 1039 1333 quis·

70 1357 138 1419 que
164 1334 381 1398 tabernaculis
408 1336 643 1418 requiescentes
670 1337 870 1421 transigunt:
904 1338 937 1399 at
958 1335 1038 1400 lucis

68 1419 235 1504 principio
267 1419 409 1503 reliquos
447 1419 543 1484 duces
575 1421 785 1503 conveniunt,
823 1441 878 1486 eos
913 1420 1038 1484 facinus

66 1525 186 1568 ausum
209 1503 435 1587 expletumque
457 1503 601 1569 docent..
634 1526 671 1568 co
697 1526 773 1570 mox
800 1505 864 1570 reti
885 1505 1038 1570 barbaros
1052 1527 1078 1568 15

64 1591 221 1654 incensos
245 1587 340 1652 caede
362 1588 448 1672 regis
469 1588 557 1652 adire
584 1589 697 1654 iubent
720 1610 831 1654 omues
852 1589 1037 1673 frequentes

64 1671 156 1757 apud
178 1693 269 1736 arma
290 1694 309 1736 a
333 1693 385 1736 ere
408 1673 590 1756 operirique
613 1673 748 1739 hostem.

157 1755 273 1821 XLVI.
345 1778 424 1839 eque
446 1757 550 1822 multo
572 1761 648 1841 post
668 1758 822 1841 Threces,
850 1758 906 1822 ubi
929 1779 1037 1841 exper-

65 1841 191 1926 gefacti
212 1862 230 1904 e
253 1861 367 1906 somno
382 1861 491 1926 regem
513 1842 751 1926 interemptum,
774 1842 902 1906 foedam
922 1843 1039 1906 faciem

65 1929 159 1990 intra
180 1925 323 1990 tentoria
337 1925 590 1990 animadvertere
613 1930 646 1990 et
660 1927 797 2011 vestigia
818 1925 947 1990 abducti
969 1945 1038 1990 cur-
1051 1949 1078 1988 20

64 2032 125 2075 rus
147 2008 321 2074 manifesto
342 2014 433 2093 sunt,
464 2009 583 2157 raptim
611 2031 648 2080 ac
675 2011 743 2074 sine
765 2010 839 2074 ullis
862 2010 1037 2091 ordinibus,

64 2100 289 2178 utquomque
316 2093 384 2158 fors
411 2114 495 2178 cong
509 2094 675 2180 obsecrat,
705 2095 745 2158 ud
772 2115 870 2158 naves
898 2093 1037 2159 evolant.

65 2179 188 2264 quibus
214 2178 329 2262 procul
356 2177 433 2244 visis
459 2179 564 2243 nostri
597 2178 735 2243 conferti
768 2179 854 2242 inter
880 2199 913 2242 se
941 2181 1038 2260 atque

1 2320 2 2324 Ἰ
64 2261 980 2433 dlllddblltursrdrbarldlgrsesesinplribldballllrresddmAidbbsdddd)
991 2262 1038 2412 cil]
1050 2369 1076 2410 25

65 2455 134 2518 que
151 2433 349 2516 opprimunt.
387 2431 462 2496 dein
476 2431 593 2515 reliqui
608 2431 713 2515 duces,
729 2432 914 2515 utquisque
929 2432 1036 2496 locum

1 2544 8 2562 ·
64 2521 210 2601 ceperat,
233 2517 363 2582 caedere
392 2516 537 2602 singulos
566 2520 600 2581 et
625 2516 681 2580 ubi
711 2516 850 2581 conferti
872 2519 1037 2599 steterant,

62 2603 140 2667 bini
168 2606 225 2666 sut
253 2601 390 2684 amplius
418 2601 606 2686 congregati
633 2601 756 2684 impetu
783 2622 840 2665 suo
864 2600 1037 2664 dissolvere

65 2707 108 2752 ae
129 2707 208 2752 mox
229 2687 389 2769 dispersos
416 2686 625 2770 palantesque
652 2686 847 2766 interficere,
870 2687 908 2748 ut
927 2684 1036 2748 nullus

64 2771 214 2854 reliquus
233 2769 342 2836 caedis
363 2772 464 2835 fieret.
508 2793 545 2835 ac
567 2770 677 2834 statim
700 2769 785 2835 Grai.
804 2769 965 2834 extinctis.
981 2768 1037 2852 qui
1049 2788 1083 2830 ec,

65 2856 244 2921 advorsum
266 2855 372 2920 ierant
394 2856 487 2940 signo
511 2855 585 2920 dcto
608 2854 648 2919 ad
669 2854 810 2919 tentoria
836 2868 946 2917 eorum
968 2873 1038 2935 per-

64 2945 162 3026 gunt.
207 2943 242 3003 st
263 2939 322 3023 illi,
345 2940 401 3023 qui
417 2939 564 3004 custodes
586 2939 699 3004 castris
720 2937 824 3002 relicti
846 2936 907 3002 soli
929 2958 1037 3020 super·

66 3028 181 3108 erunt,
210 3024 288 3088 visis
324 3027 437 3090 contre
464 3023 611 3088 hostibus
638 3029 760 3089 terrore
788 3022 858 3106 ipso
886 3021 1038 3086 miseran-

65 3111 147 3174 dum
183 3110 219 3173 in
259 3107 392 3172 modum
432 3108 607 3173 effeminati
649 3107 798 3173 omnibus
836 3107 961 3172 omissis
998 3106 1039 3169 ad

64 3193 200 3266 moenia
222 3192 427 3278 confugiunt.
471 3197 540 3256 tum
570 3193 711 3276 undique
734 3213 843 3257 versus
871 3189 975 3254 nostri
997 3189 1037 3253 ir·
1051 3207 1077 3249 cs

140 3383 155 3430 1
179 3382 365 3447 antepositam
394 3379 550 3432 ciuitatem·
568 3379 615 3431 GB
641 3397 710 3432 corr.
733 3383 759 3431 P
834 3379 866 3429 16
889 3377 966 3429 adire
991 3378 1039 3429 GB

66 3449 159 3500 affore
183 3449 209 3496 V
264 3451 295 3500 21
314 3448 469 3514 rapiunt&¹
532 3448 565 3498 25
584 3449 673 3499 aciem
690 3447 828 3514 progressi
843 3448 872 3498 V
927 3448 959 3496 27
979 3460 1039 3495 coe-

64 3521 152 3584 perat
172 3516 194 3566 G
263 3518 295 3568 34
314 3516 422 3568 amissis
442 3516 470 3577 G,
490 3532 558 3567 corr.
581 3515 612 3564 V.
