2424 3938
413 226 664 282 1111111110.
953 255 1048 301 XXXV

46 375 88 434 at
122 370 233 454 paullo
266 371 352 434 infra
383 369 512 434 Daretis
545 373 742 437 mentionem
774 373 852 438 facit
884 375 1047 458 (similiter

50 461 155 522 etiam
178 481 207 523 v.
234 459 338 523 13081
364 456 464 544 seqq.)
488 456 530 544 (v.
555 457 634 545 296)

219 581 330 665 Dares,
353 583 406 647 ein
428 583 521 647 ritter
543 591 582 646 uz
605 584 724 668 erwelt,

219 671 275 734 der
298 671 385 734 solbe
407 673 451 734 vil
474 693 533 736 vor
553 671 657 754 Troye
682 673 781 757 streit,

220 758 303 822 swaz
327 760 383 823 der
404 761 440 823 in
461 759 640 824 lrriechisoh
663 759 721 824 hat
744 764 846 845 geseit

220 869 284 911 von
308 847 391 912 dirre
413 848 624 912 kiineclichen
647 848 726 931 stift,

221 934 278 999 daz
302 939 385 1000 wart
406 937 467 1000 mit
489 937 669 1001 endelicher
693 937 806 1002 schrift

222 1045 255 1086 ze
277 1024 414 1089 welsche
438 1024 504 1089 und
526 1025 561 1088 in
583 1024 683 1088 latine
706 1026 803 1090 braht

48 1150 144 1215 unde
184 1149 237 1212 vix
271 1145 353 1231 puto*
391 1170 584 1233 quemquam
618 1150 842 1214 conclusurum
879 1173 949 1214 esse
979 1172 1052 1215 eum
1120 1179 1122 1182 ’

48 1240 159 1304 huius
189 1237 271 1300 libro
303 1258 397 1300 usum
430 1259 507 1301 esse.
562 1235 682 1301 Contra
713 1238 798 1321 quod
830 1260 869 1302 ex
902 1242 1051 1303 accurata

46 1325 302 1414 comparatione
316 1329 450 1409 apparet
462 1324 672 1390 Benedictum
687 1329 814 1390 secutus
833 1330 890 1409 est,
914 1327 949 1389 in
972 1329 1053 1390 mul·

48 1419 99 1481 tis
132 1418 244 1478 tamen
272 1414 340 1478 sine
369 1414 465 1478 dubio
495 1415 594 1477 alium
620 1413 744 1477 fontem
767 1412 1053 1498 Francogallicum,
1120 1429 1125 1436 '

50 1526 130 1570 non
159 1503 288 1586 quidem
317 1501 599 1584 Malkaraumium,
632 1523 769 1585 quocum
796 1501 831 1566 in
864 1503 1054 1587 quibusdam

53 1591 237 1674 consentit
275 1588 391 1655 Statim
410 1591 451 1654 ab
470 1591 563 1660 initio
582 1593 620 1654 ut
639 1590 691 1653 hic
711 1590 871 1653 somnium
894 1590 1055 1675 Hecubae,

49 1682 263 1746 iuventutem
277 1678 411 1762 Paridis,
433 1680 564 1763 nuptias
582 1678 669 1742 Pelei
688 1700 760 1742 cum
775 1677 918 1762 Thetide,
941 1683 1055 1744 natum

48 1775 160 1854 atque
185 1768 353 1831 educatum
376 1767 536 1831 Achillem
559 1767 749 1850 (secundum
772 1765 922 1830 Ovidium
940 1766 1056 1832 110111-

49 1853 180 1941 tiuml)
202 1859 321 1938 narrat,
344 1860 414 1920 tum
437 1856 670 1939 expeditionem
693 1854 965 1938 Argonautarum,
989 1855 1057 1920 fata

52 1945 194 2012 Iasonis
231 1947 263 2008 et
293 1943 424 2008 Medeae
457 1941 641 2028 (praecipue
672 1941 846 2004 secundum
885 1940 1058 2028 Ovidium),

50 2035 182 2099 Troiae
205 2032 361 2096 excidium
384 2037 416 2096 et
429 2033 636 2097 refectionem
651 2028 825 2093 seeundum
838 2027 1058 2115 Benedictum,

51 2121 181 2188 deinde
203 2117 246 2204 (v.
272 2121 467 2185 13392-17
471 2119 549 2207 300)
572 2118 714 2183 Achilles
739 2117 823 2200 apud
845 2117 1058 2201 Lycomedem

52 2231 177 2295 regem
201 2207 291 2292 Seyri
313 2211 513 2293 describitur,
537 2206 579 2294 (v.
605 2206 713 2272 15074
736 2205 775 2269 cf.
796 2203 892 2270 Statii
905 2206 1021 2272 Achill.
1034 2207 1059 2291 I,

56 2298 257 2379 are-282,
278 2321 308 2362 v.
336 2297 443 2363 15350
466 2297 505 2362 cf.
520 2298 546 2381 l,
569 2296 634 2360 372
658 2291 758 2378 seqq.)
804 2293 887 2358 Tum
909 2299 1006 2379 poeta
1020 2296 1060 2361 ad

51 2386 278 2458 Benedictum
301 2387 471 2450 revertitur
494 2389 527 2449 et
548 2387 661 2448 narrat
682 2381 881 2447 Antenorem
903 2384 938 2447 in
962 2383 1059 2449 Grae-

55 2478 154 2542 ciam
168 2474 314 2558 missum,
338 2475 449 2538 eodem
463 2473 611 2538 Paridem
624 2471 804 2555 profectum
820 2493 897 2556 esee,
920 2472 1062 2556 plurima

54 2588 101 2629 ex
139 2563 216 2646 hoc,
257 2565 385 2646 raptum
422 2562 565 2626 Helenae
607 2583 645 2624 ex
677 2558 782 2624 Ovidii
818 2558 948 2626 Heroid.
983 2560 1063 2626 XVI

54 2651 165 2718 XVII
173 2648 208 2736 2).
231 2649 363 2734 Ineptae
378 2650 573 2716 Graecorum
586 2649 862 2732 Troianorumque
878 2649 1062 2734 descriptio·

57 2764 128 2808 nes
163 2743 251 2804 recte
284 2740 489 2823 omittuntur,
521 2741 571 2804 in·
591 2758 725 2802 numero
759 2733 955 2800 Graecorum
987 2743 1063 2802 sunt

55 2831 108 2916 (v.
147 2829 257 2892 2390?
292 2826 393 2915 seqq.)
448 2827 563 2893 Castor
595 2829 627 2890 et
657 2824 786 2905 Pollux,
821 2821 992 2889 Cursalion
1023 2833 1063 2890 uz

57 2917 270 3002 Ungerlant,
306 2916 436 2981 Manbri
467 2939 532 2982 von
560 2915 695 2998 Riuzen,
731 2910 832 2975 thel
864 2933 929 2976 von
961 2913 1061 2978 Tene-

56 3006 222 3088 marken,
253 3003 373 3070 Lerant
400 3028 463 3069 von
492 3003 659 3086 Schotten,
690 2999 834 3064 Anachel
857 3021 922 3064 von
945 3001 1063 3086 Engo]-

57 3097 152 3176 lant,
175 3091 353 3176 Margalius
376 3116 440 3158 von
463 3092 654 3177 Norwegen,
678 3088 852 3154 Oolebrant
874 3110 939 3152 von
952 3089 1063 3174 Irlant,

53 3185 210 3250 Floranz
224 3203 287 3245 von
300 3181 455 3266 Portigal‚
478 3181 580 3247 Urian
603 3202 667 3244 von
680 3176 824 3243 Navarre
843 3179 879 3267 et
901 3182 1063 3260 postremo

66 3270 206 3358 equites
230 3267 413 3335 Germanioi
436 3268 479 3357 (v.
503 3267 626 3355 23996)
761 3307 764 3311 -

146 3498 166 3566 ¹)
187 3497 335 3552 Cholevius
354 3499 372 3552 l.
392 3497 410 3552 l.
429 3517 456 3568 p.
479 3504 527 3551 131
547 3495 663 3550 Bartsch
681 3495 700 3548 1,
719 3495 738 3546 l.
753 3513 779 3564 p.
795 3489 847 3544 XX
930 3495 950 3562 ²)
970 3494 1068 3548 Chole·

70 3572 146 3628 vius
165 3568 184 3622 l.
204 3568 223 3622 l.
243 3587 270 3637 p.
293 3574 343 3624 140
361 3569 482 3623 Bartsch
500 3569 518 3622 l.
538 3568 600 3635 lp.
620 3566 711 3621 XXVI
