2424 3938
290 231 337 286 DE
357 230 507 287 EXCIDIO
527 231 662 288 TROIAE
681 233 862 290 HISTORIA.
1049 236 1069 300 5

77 378 243 463 pollicitus
266 381 324 442 est.
368 375 537 460 Hercules,
564 377 620 442 ubi
648 377 792 442 omnium
814 379 997 444 voluntates
1020 380 1069 444 in-

75 466 215 548 tellexit,
250 488 348 531 naves
379 467 518 550 paravit,
549 465 667 532 milites
698 467 802 552 elegit.
852 468 907 532 ubi
940 472 1086 552 tempus-

75 555 192 620 datum
215 559 264 620 est
290 553 532 639 proficiscendi„
552 555 676 620 litteras
703 555 745 620 ad
768 577 836 637 eos,
865 577 945 640 quos
975 577 1068 642 roga-

77 647 183 726 verat,
205 643 295 708 misit
317 648 354 708 ut
377 644 525 708 venirent
547 664 621 708 oum
644 644 710 708 suis
734 644 897 708 omnibus:
922 665 994 709 eum
1018 665 1069 710 ve—

75 733 218 815 nissent,
241 731 379 815 proiecti
398 735 474 796 sunt
495 732 532 796 in
548 731 738 816 Phrygiam:
762 733 802 798 ad
821 730 952 817 Sigeum
969 737 1095 798 nouus

76 823 293 886 accesserunt
334 821 408 885 iude
432 818 586 886 Hercules
611 820 766 888 Telamon
789 825 821 886 et
843 820 957 886 Peleus
982 843 1069 886 exer-

74 909 181 974 citum
201 909 391 974 eduxerunt:
414 909 550 974 navibus
575 908 630 993 qui
652 909 811 993 praesidio
826 914 934 975 essent
957 908 1069 975 Casto-

76 1018 155 1064 rem
174 1001 206 1061 et
228 995 392 1062 Pollucem
416 1001 448 1062 εὴ
470 995 642 1062 Nestorem
665 997 871 1082 reliquerunt.
917 999 998 1080 qaod
1017 999 1070 1064 ubi

76 1084 294 1150 Laomedonti
325 1085 394 1170 regi
424 1085 610 1171 nuntiatum
632 1089 681 1152 est
708 1087 842 1152 classem
874 1085 1069 1152 Graecorum

74 1173 122 1238 ad
146 1171 277 1258 Sigeum
300 1173 484 1255 accessisse,
508 1174 631 1258 etipse
655 1195 727 1238 cum
750 1175 892 1259 equestri
915 1176 1008 1259 copia
1029 1176 1070 1239 ad
1086 1192 1110 1230 10

77 1283 172 1326 marc
201 1262 290 1326 venit
318 1266 353 1326 et
381 1262 487 1344 coepit
515 1262 674 1345 proeliari.
717 1261 872 1328 Hercules
906 1264 946 1327 ad
974 1264 1070 1328 Ilium

78 1351 167 1414 ierat
180 1354 213 1414 et
229 1350 438 1433 inprudentes
459 1350 514 1434 qui
532 1354 625 1414 erant
638 1349 673 1414 in
692 1350 810 1434 oppido
827 1371 940 1434 urgere
955 1352 1069 1434 coepit.

78 1438 170 1522 quod
192 1438 247 1502 ubi
265 1437 479 1502 Laomedonti
501 1438 686 1502 nuntiatum
710 1442 760 1503 est
773 1440 880 1523 urgeri
906 1439 946 1502 ab
970 1439 1070 1504 hosti-

71 1528 144 1612 ‚bus
162 1526 272 1608 Ilium,
290 1527 364 1593 ilico
382 1527 553 1592 revertitur
570 1530 603 1590 et
621 1527 656 1590 in
674 1526 788 1592 itinere
807 1527 920 1592 obvius
939 1526 1070 1593 Graecis

76 1615 187 1680 factus
215 1615 256 1678 ab
278 1614 417 1680 Hercule
440 1614 602 1680 occiditur.
645 1615 801 1680 Telamon
827 1616 951 1699 primus
974 1615 1070 1680 Ilium
1087 1631 1111 1671 1⁵

75 1703 237 1787 oppidum
264 1703 402 1785 introiit,
429 1704 481 1768 cui
503 1701 658 1772 Hercules
681 1703 809 1769 virtutis
838 1725 934 1769 causa
956 1703 1071 1770 Hesio-

76 1813 160 1856 nam
177 1790 406 1856 Laomedontis
423 1791 510 1876 regis
528 1791 628 1856 filiam
647 1791 731 1856 dono
756 1791 850 1856 dedit.
879 1793 976 1857 ceteri
994 1815 1071 1857 uero

77 1880 235 1964 quicum
257 1878 475 1946 Laomedonte
500 1879 605 1944 ierant
632 1879 828 1944 occiduntur.
865 1879 1013 1944 Priamus
1036 1881 1071 1944 in

76 1967 226 2052 Phrygia
244 1972 326 2050 erat,
349 1969 498 2033 ubieum
516 1967 702 2032 Laomedon
721 1967 789 2032 eius
808 1971 900 2050 pater
919 1969 1071 2032 exercitui

75 2056 288 2140 praefecerat.
331 2055 486 2122 Hercules
510 2061 542 2121 et
570 2056 625 2140 qui
648 2077 720 2120 cum
744 2077 781 2120 eo
804 2060 958 2120 venerant
981 2078 1071 2140 prae·
1086 2073 1112 2112 20

75 2146 157 2209 dam
188 2156 341 2230 magnam
369 2145 524 2213 fecerunt
546 2149 578 2210 et
607 2143 647 2208 ad
681 2165 779 2208 naves
814 2144 1071 2228 deportaverunt.

3 2269 13 2280 -
74 2232 158 2298 inde
185 2234 317 2298 domum
344 2233 503 2317 proficisci
531 2233 751 2316 decreverunt,
779 2233 935 2298 Telamon
957 2231 1071 2298 Hesio-

75 2343 160 2386 nam
185 2343 292 2388 seoum
315 2321 471 2387 convexit.

172 2408 229 2474 IV.
274 2408 346 2474 Hoc
368 2410 424 2474 ubi
444 2409 574 2473 Priamo
597 2410 782 2474 nuntiatum
802 2414 851 2475 est
872 2415 998 2493 patrem
1022 2432 1072 2475 cc-

77 2499 201 2581 cisum,
224 2498 308 2564 eires
333 2498 488 2582 direptos,
515 2497 667 2582 praedam
690 2500 867 2582 devectam,
894 2497 1072 2564 Hesionam
1087 2515 1114 2554 2⁵

156 2785 172 2832 2
192 2794 278 2834 naues
293 2779 345 2832 llll
359 2779 386 2834 G
402 2780 405 2845 l
422 2777 520 2848 elegit]
540 2776 653 2848 parauit
672 2775 698 2830 G
770 2782 787 2829 4
806 2779 838 2830 ut
851 2776 980 2832 uenirent
996 2778 1074 2831 misit

76 2851 121 2904 M
158 2849 289 2904 uenirent
316 2849 370 2914 Qui
398 2849 424 2903 G
444 2851 448 2916 Ι
469 2865 532 2902 cum
560 2847 714 2916 uenissent]
739 2847 947 2914 conuenissent;
974 2847 1012 2902 nt
1038 2847 1078 2902 M

73 2917 483 2976 5ad-accesseruntom.G
555 2917 692 2987 speleius
707 2916 734 2971 G
806 2917 987 2972 lunaribus
1001 2935 1073 2986 quae

75 2992 106 3047 G
150 2989 326 3060 nauibusque
349 2989 388 3043 M
462 2995 478 3045 8
507 2988 582 3058 quod
605 2988 654 3044 ubi
681 2987 780 3042 addidi
863 2994 878 3042 9
907 2987 1020 3042 classim
1048 2989 1074 3042 G

78 3070 116 3117 10
138 3060 262 3132 etipse]
287 3061 448 3116 Laomedon
471 3059 497 3116 G
571 3066 602 3113 11
626 3057 774 3128 coepitque
798 3057 824 3112 G
897 3063 929 3111 12
953 3057 1073 3127 pruden-

75 3137 125 3188 tes
158 3132 197 3186 Μ
216 3135 219 3198 l
240 3131 271 3186 in
298 3131 403 3201 oppido
430 3147 481 3186 om.
511 3131 549 3184 M
568 3133 571 3196 Ι
593 3146 668 3199 oppu
691 3145 755 3184 nare
788 3129 814 3182 G
869 3127 1018 3196 obiurgare
1046 3129 1073 3182 B

78 3211 115 3258 13
138 3202 276 3273 oppidum
294 3203 331 3256 ab
349 3202 377 3257 h.
395 3201 546 3272 inpugnari
565 3148 689 3256 lliumG
762 3205 795 3253 14
813 3197 967 3280 obuiamG
1040 3206 1073 3253 15

74 3273 162 3345 prins
183 3273 221 3326 M
239 3276 243 3340 1
265 3272 348 3326 llinm
367 3288 418 3328 om.
437 3272 464 3327 G
538 3278 569 3326 17
594 3269 794 3325 Laomedontis
817 3269 869 3324 filu
890 3269 940 3337 qui
958 3285 1021 3323 oum
1040 3286 1074 3325 eo

75 3347 199 3400 tuerent
218 3343 383 3399 occiduntur
400 3343 559 3414 hypsipilus
573 3341 713 3397 uolcoutis
727 3340 849 3408 ampitus
864 3338 890 3394 G
914 3339 1074 3410 (Amphitus

71 3413 250 3485 Hysiphilus
268 3413 423 3470 Volcentus
442 3415 519 3484 opud
538 3415 670 3469 Iscauam
688 3413 720 3468 dc
739 3412 805 3466 bello
824 3411 947 3467 Troiano
962 3413 983 3465 I
1000 3417 1073 3477 446).

76 3494 115 3542 19
140 3487 224 3555 pater
248 3485 308 3540 eius
333 3485 358 3540 G
430 3492 463 3540 21
488 3485 642 3555 deportant
665 3483 703 3536 M
772 3488 805 3536 23
830 3498 922 3536 secum
947 3482 1028 3536 duxit
1046 3483 1074 3534 B

70 3562 115 3612 25
135 3557 213 3612 ciues
233 3555 359 3626 direptos
378 3571 428 3612 om.
450 3557 487 3610 M
501 3559 504 3623 1
522 3557 647 3610 enectam
667 3553 705 3606 M
708 3552 734 3607 G
751 3568 801 3607 aes
820 3552 974 3606 deuectam.
