2416 3944
157 193 200 257 43
467 191 598 243 oreris
616 191 818 242 casrsrsm
883 163 891 175 “

157 345 288 408 ruentes
320 362 409 406 arma
476 362 534 405 uos
566 341 671 424 regias
699 360 776 422 opes
804 343 837 405 et
863 339 904 404 ad
925 345 1131 425 postremum

158 426 236 511 quid
259 447 299 490 ue
320 426 388 492 fors
410 425 449 490 de
472 429 540 490 erat
560 424 770 508 praeripiunt.
926 465 930 476 ·
979 464 982 469 -

302 510 376 576 VH.
411 509 484 575 Hoc
512 509 607 574 modo
635 509 773 573 victores
802 509 881 573 Grai
909 509 1024 575 deletis
1053 533 1130 576 cnm

157 596 351 679 imperatore
377 594 555 659 Thracibus
584 593 692 658 onusti
718 592 837 676 praeda
865 597 962 678 atque
989 596 1130 660 victoria

129 679 199 743 aad
219 701 318 744 naves
339 679 576 764 digrediuntur:
599 699 672 742 eum
694 677 824 742 interim
839 677 974 744 'lhoiani
995 701 1037 746 ex
1058 701 1130 745 mu-

158 765 203 828 ris
224 767 439 848 respectantes
460 764 657 846 nequiquam
677 783 737 845 pro
759 763 856 827 sociis
883 764 970 828 intra
997 767 1131 830 moenia

158 852 268 913 tamen
289 849 497 932 trepidarent.
541 847 641 932 igitur
660 847 791 910 barbari
818 850 869 912 tot
895 848 961 912 iam
984 848 1130 914 adversis

158 933 253 996 rebus
274 933 369 998 fracti
391 932 514 1018 legatos
542 931 683 995 indutias
704 931 906 1014 postulantes
929 932 970 997 ad
985 931 1128 1000 Graecos

157 1017 292 1080 mittunt
319 1038 357 1080 ac
378 1037 454 1081 mox
483 1016 602 1080 nostris
631 1016 849 1080 conditionem
871 1015 1128 1100 adprobantibus

119 1124 145 1164 ao
158 1100 349 1183 interposito
379 1101 533 1164 sacrificio
561 1099 656 1164 fidem
681 1100 769 1183 pacti
790 1101 967 1166 firmavere.
1013 1102 1129 1168 eodem

156 1184 225 1248 fere
254 1188 400 1268 tempore
428 1184 581 1268 Chrysea,
616 1206 712 1268 quem
745 1183 944 1250 sacerdotem
966 1184 1127 1252 Zminthii

156 1269 321 1353 Apollinis
348 1291 446 1353 supra
473 1269 734 1351 memoravimus,
763 1269 803 1332 ad
830 1269 1007 1334 exercitum
1037 1273 1130 1336 venit

157 1359 264 1419 actum
291 1354 411 1440 gratias
438 1374 536 1438 super
562 1352 628 1436 his,
664 1373 746 1436 quae
777 1353 813 1416 in
840 1375 874 1418 se
902 1358 1032 1438 recepta
1058 1356 1129 1420 filia

156 1439 298 1523 benigne
320 1439 361 1502 ab
381 1439 501 1503 nostris
523 1441 615 1523 gesta
637 1441 739 1519 erant,
762 1438 805 1502 ob
827 1459 910 1521 quae
931 1443 1001 1503 tam
1022 1439 1127 1504 hono·

119 1541 145 1583 1⁵
158 1522 263 1606 rifioa,
291 1521 386 1586 simul
420 1522 506 1606 quod
534 1524 737 1605 Astynomen
769 1522 947 1587 liberaliter
980 1524 1128 1588 habitam

157 1609 367 1691 cognoverat,
400 1605 564 1670 reductam
601 1627 708 1670 seeum
740 1608 979 1691 Agamemnoni
1015 1609 1126 1673 tradit.

155 1711 261 1774 neque
288 1690 391 1755 multo
418 1693 494 1772 post
519 1688 702 1754 Philocteta
730 1711 803 1755 cum
831 1690 896 1767 his,
920 1693 977 1775 qui
998 1696 1128 1775 partem

156 1774 293 1924 {adt
306 1773 840 1941 trtflttltsttdffiss
861 1775 1051 1944 §idm
1078 1777 1129 1842 a.

115 1964 144 2004 eo
242 1942 390 2008 XLVIII.
433 1941 561 2007 Interea
589 1941 759 2007 consilium
793 1943 924 2008 Graecis
952 1945 1127 2030 agentibus
1206 1993 1207 2000 κ

157 2029 241 2092 Aiax
258 2027 464 2093 Telamonius
487 2027 522 2091 in
544 2027 684 2092 medium
705 2047 894 2112 progressus
916 2028 1010 2094 docet
1032 2051 1128 2113 opor·
1206 2057 1207 2060 ¹

156 2117 224 2178 tere
239 2113 326 2179 mitti
347 2112 388 2177 ad
402 2111 554 2176 Achillen
574 2114 766 2194 precatores,
788 2112 933 2194 quicum
953 2113 1129 2196 imperato-

156 2220 228 2262 rum
250 2197 356 2262 verbie
372 2199 468 2279 atque
490 2196 648 2260 exercitus
663 2199 811 2278 peterent
824 2197 988 2261 remittere
1009 2199 1074 2262 iras
1090 2219 1130 2264 ac

156 2284 307 2364 repetere„
316 2280 445 2344 solitam
460 2301 533 2344 cum
549 2280 614 2344 suis
628 2279 780 2363 gratiam:
796 2280 929 2345 minime
941 2282 1063 2367 quippe
1078 2305 1130 2348 as·
1206 2351 1207 2354 ,

115 2384 143 2426 a
155 2364 356 2449 pemandum
370 2362 469 2427 talem
477 2363 591 2446 virum,
606 2384 694 2427 nunc
704 2363 756 2427 vel
766 2365 913 2449 maxime,
925 2387 1000 2430 cum
1015 2388 1130 2442 seeun-
1206 2363 1207 2436 l

156 2449 205 2513 dis
219 2449 315 2514 rebus
330 2447 445 2512 Graeci
461 2451 493 2511 et
506 2447 603 2531 paulo
619 2452 694 2512 ante
708 2448 846 2513 victores
860 2470 928 2515 non
943 2452 986 2514 ob
1005 2451 1130 2516 utilita-

155 2538 221 2598 tem
244 2534 300 2598 sed
319 2532 454 2597 honoris
473 2532 589 2596 meritc
604 2531 741 2616 gratiam
763 2533 832 2597 eius
845 2538 1001 2616 peterent
1040 2536 1130 2600 inter

156 2637 239 2701 quae
261 2618 299 2682 de
322 2616 424 2681 recari
445 2617 542 2681 etiam
563 2616 855 2704 Agamemnonem,
881 2617 971 2683 daret
993 2641 1130 2702 operam

156 2701 252 2767 simul
267 2639 531 2798 voluntatemque
546 2701 670 2786 agendo
686 2703 819 2786 negotio
835 2701 1017 2768 adhiberet:
1036 2726 1130 2770 nam·

115 2806 143 2848 ao
178 2808 218 2851 ue
238 2786 297 2852 tali
314 2790 460 2870 tempore
481 2807 516 2849 m
536 2806 707 2850 commune
727 2785 768 2849 ab
783 2786 933 2851 omnibus
955 2789 1130 2854 consulen-

156 2809 241 2956 dum,
263 2870 452 2956 praesertim
472 2869 586 2953 procul
608 2871 648 2934 ab
672 2869 767 2935 domo
789 2870 868 2935 locis
891 2871 1005 2936 alienis
1027 2877 1130 2956 atque

154 2956 341 3020 hostilibus:
364 2975 477 3053 neque·
492 2976 525 3052 se
541 2953 635 3051 aliter
655 2953 742 3051 inter
755 2958 823 3018 tam
837 2954 950 3040 gravia
963 2956 1051 3021 bella
1067 2979 1130 3022 un·
1205 2977 1206 3040 ᾗ

155 3039 251 3123 dique
262 3061 372 3104 versus
386 3041 526 3104 inrmrcrs
540 3039 728 3122 regrombus
737 3060 834 3123 quam
848 3039 1022 3105 concordia
1035 3044 1130 3107 tutos
1205 3101 1206 3104 ,

154 3125 234 3190 fore.
263 3127 297 3188 at
310 3124 366 3187 ubi
378 3123 476 3186 finem
490 3122 644 3206 loquendi
659 3122 746 3206 fecit,
761 3124 868 3188 cuncti
883 3123 978 3190 duces
993 3125 1130 3191 laudare

156 3262 356 3284 ...τ-...-

222 3331 299 3380 auri
322 3327 442 3394 quidque
464 3328 490 3377 V
528 3327 569 3378 nti
592 3343 638 3379 om.
663 3327 711 3378 cB
779 3330 796 3378 4
819 3326 943 3382 Ιὀιιιιείὶ
1013 3333 1029 3382 6
1051 3331 1131 3382 Peri·

153 3399 241 3448 aoniae
264 3399 351 3448 maluit
373 3396 584 3461 despectantes,
616 3393 682 3446 idem
705 3394 901 3460 Oudendorpr'ur
915 3395 920 3462 Ι
936 3411 1027 3462 neque
1051 3400 1131 3464 quie-

153 3478 238 3527 quam
258 3463 279 3514 6
302 3464 340 3523 (tn
361 3479 440 3528 marq.
463 3462 510 3514 uel
533 3461 720 3528 neqquuam),
750 3463 795 3514 uel
822 3464 1009 3529 nequicquam
1033 3481 1130 3532 neque

153 3531 284 3595 cuiquam
302 3529 328 3580 B
399 3530 505 3582 erecti
526 3529 555 3578 G.

1199 3591 1205 3648 l
