2424 3938
155 241 177 302 4
467 237 626 293 DARETIS
644 237 795 292 PHRYGII

156 405 229 448 cum
252 404 290 448 eo
313 387 468 448 venerant
491 383 630 468 graviter
651 383 796 446 tulerunt
818 381 1043 446 crudelitatem
1064 382 1140 446 Lao·
1199 377 1200 402 ¹

156 471 316 537 medontis
340 473 385 537 sic
409 491 442 536 00
466 471 564 536 abeo
587 471 732 554 tractari,
755 491 827 535 cum
847 469 938 536 nulla
961 471 1002 535 ab
1027 473 1073 536 eis
1095 471 1138 537 in-

156 561 239 625 iuria
262 561 348 626 faeta
371 563 464 624 esset.
509 559 604 624 simul
626 559 786 623 timebant
809 558 1051 623 multitudinem
1074 561 1140 624 bar·

156 651 321 732 berorum,
349 649 376 712 si
399 652 512 713 contra
539 647 709 731 imperium
732 649 925 712 conarentur
946 668 1142 732 permanere,

131 755 198 802 ⁵ue
229 737 498 820 obprimerentur‚
533 753 605 800 cum
634 735 697 819 ipsi
726 755 793 800 000
825 739 934 800 essent
963 737 1072 820 parati
1104 736 1142 800 ad

157 825 394 908 proeliandum:
421 824 531 889 navim
558 821 813 888 conscenderunt
835 827 867 888 et
890 846 909 888 a
933 829 1022 889 terra
1045 845 1142 889 reces-

158 919 281 998 senmt,
316 911 453 978 Colchos
485 911 621 996 profecti
653 916 741 995 sunt,
777 912 894 995 pellem
933 913 1144 994 abstulerunt,

157 1003 287 1067 domum
311 1001 429 1066 reversi
452 1004 536 1066 sunt.
1199 1001 1200 1010 ’

246 1089 304 1154 ΙΙΙ.
350 1087 505 1154 Hercules
529 1087 670 1174 graviter
691 1089 767 1152 tulit
790 1109 810 1152 a
831 1109 908 1173 rege
927 1088 1145 1154 Laomedonte
1199 1107 1200 1134 1

119 1198 143 1235 10
158 1177 388 1243 contumeliose
416 1197 450 1242 00
477 1179 652 1242 tractatum
683 1181 716 1241 et
741 1197 797 1242 eos
829 1178 884 1262 qui
915 1199 982 1242 000
1011 1177 1146 1261 profecti

158 1272 251 1332 erant
273 1264 410 1332 Oolehos
434 1287 507 1330 cum
529 1264 659 1348 Iasone,
686 1263 837 1349 Spartam
860 1265 901 1330 00
924 1263 1096 1332 Castorem
1118 1271 1147 1329 et

157 1354 322 1421 Pollucem
340 1355 442 1438 venit,
466 1354 535 1439 agit
552 1375 625 1419 eum
648 1353 712 1438 his,
735 1357 773 1418 ut
791 1374 900 1419 secum
919 1375 994 1419 0000
1013 1355 1146 1419 iniurias

159 1445 345 1528 defendant,
371 1464 413 1508 ne
436 1442 620 1508 Laomedon
646 1443 768 1527 inpune
797 1442 894 1528 ferat,
922 1443 1008 1528 quod
1033 1443 1108 1508 illos
1131 1465 1148 1507 a

157 1536 244 1596 terra
263 1537 295 1596 et
317 1535 413 1616 portu
435 1529 667 1616 prohibuisset:
691 1532 811 1597 multos
830 1531 993 1596 adiutores
1012 1531 1148 1614 tuturos,

120 1637 145 1675 15
160 1621 186 1684 si
211 1642 244 1684 se
268 1621 572 1686 accommodassent.
609 1618 726 1684 Castor
748 1624 781 1684 et
802 1619 919 1685 Pollux
942 1621 1055 1684 omnia
1077 1642 1147 1704 pro·

158 1710 316 1773 miserunt
344 1729 378 1773 00
404 1709 547 1774 facturos
575 1730 657 1792 quae
683 1706 838 1773 Hercules
870 1709 975 1773 vellet.
1026 1709 1068 1772 ab
1100 1709 1148 1772 his

160 1796 358 1863 Salaminam
370 1797 533 1882 profectus
552 1796 593 1860 00
601 1796 813 1861 'Telamonem
833 1797 933 1862 venit:
952 1801 1051 1882 rogat
1068 1819 1149 1878 eum,

159 1892 196 1951 ut
214 1907 321 1952 secum
341 1886 382 1950 ad
400 1885 531 1949 Troiam
549 1889 614 1969 eat,
637 1889 675 1950 00
698 1907 772 1949 0000
796 1905 991 1970 suorumque
1015 1885 1149 1950 iniurias

160 1975 320 2040 defendat
374 1972 530 2038 Telamon
567 1973 718 2056 promisit
749 1973 899 2038 omnibus
933 1995 966 2038 se
999 1977 1148 2058 paratum

121 2081 147 2118 20
160 2084 244 2146 esse,
271 2083 353 2147 quae
376 2060 530 2126 Hercules
557 2061 662 2126 facere
684 2062 789 2126 vellet.
833 2062 908 2126 inde
931 2061 973 2126 00
995 2060 1151 2126 Phthiam

160 2151 323 2235 profectus
341 2154 391 2214 est
414 2150 453 2214 00
472 2149 603 2216 Peleum
626 2153 784 2235 rogatque
803 2171 889 2234 eum,
911 2154 948 2213 ut
965 2171 1076 2214 secum
1099 2153 1151 2214 eat

161 2239 201 2302 00
231 2238 370 2303 Troiam.
421 2239 648 2322 pollicitusque
678 2241 727 2302 est
757 2240 786 2302 ei
814 2237 931 2303 Peleus
959 2259 993 2302 00
1020 2239 1153 2303 iturum.

161 2327 235 2393 inde
252 2325 368 2410 Pylum
392 2326 432 2390 00
450 2324 621 2392 Nestorem
644 2325 806 2410 profectus
825 2329 875 2390 est
896 2331 1056 2411 rogatque
1080 2347 1153 2390 eum

161 2413 291 2500 Nestor,
310 2414 387 2500 quid
405 2414 537 2479 venerit.
569 2412 723 2479 Hercules
742 2415 923 2498 dicitquod
942 2414 1151 2480 0010000000-

124 2518 150 2556 25
164 2506 270 2566 motus
300 2505 355 2584 sit,
383 2503 464 2566 velle
495 2523 528 2568 se
559 2503 733 2568 exereitum
760 2503 796 2568 in
821 2501 999 2588 Phrygiam
1029 2503 1153 2568 ducere.

165 2588 284 2655 Nestor
319 2589 492 2655 Herculem
529 2591 733 2656 conlaudavit
770 2612 963 2676 operamque
997 2613 1092 2656 suam
1125 2592 1152 2655 ei

237 2840 409 2892 luenerunt
434 2835 462 2891 'G
482 2839 485 2903 Ι
506 2835 718 2906 grandilitatem
747 2837 784 2890 Μ
817 2855 822 2862 ·
862 2841 877 2890 2
904 2853 933 2891 se
960 2852 1011 2892 om.
1042 2837 1081 2891 M
1100 2839 1103 2905 Ι
1123 2841 1156 2891 00

165 2906 244 2962 nulla
301 2908 361 2962 etia
384 2909 413 2962 et
438 2907 474 2962 ab
496 2905 541 2961 his
564 2906 655 2977 magis
673 2905 805 2962 iniuriam
822 2906 1007 2962 faetam‘esse
1028 2909 1068 2962 M
1139 2915 1155 2962 3

164 2925 348 3034 000000100οἰ
371 2978 435 3033 000.
460 2977 485 3033 (ἔ
504 2983 569 3046 poet
591 2979 665 3032 00000
741 2983 757 3032 6
779 2977 918 3046 proelium
941 2977 968 3032 G
984 2981 987 3045 Ι
1005 2981 1036 3034 00
1059 2995 1109 3034 om.
1129 2978 1156 3033 G

165 3054 198 3102 12
217 3065 312 3104 secum
330 3064 380 3104 om.
400 3051 444 3116 M,
463 3049 542 3104 habet
558 3048 596 3104 A.
633 3047 772 3102 utiumG
808 3050 871 3118 (pro
888 3051 922 3103 ut
939 3051 1048 3120 secum)
1121 3055 1156 3104 13

163 3119 251 3174 terret
268 3118 347 3187 Gla
365 3117 461 3174 0006
514 3123 566 3173 'rt
584 3117 603 3172 f.
623 3134 683 3174 0000
702 3121 941 3174 eommutuassent
955 3119 995 3174 Μ
1068 3127 1102 3176 16
1118 3120 1156 3174 ab

163 3188 220 3260 his]
240 3189 305 3245 inde
324 3189 355 3243 F
428 3194 462 3244 17
481 3189 552 3258 'prol
572 3191 615 3244 est
635 3189 661 3244 (ἕ
682 3193 685 3256 Ι
706 3192 842 3260 rogatque
866 3190 892 3245 (ἕ
965 3197 1000 3248 19
1025 3191 1155 3247 omnibus

163 3260 246 3314 rebus
270 3261 308 3315 Μ
313 3258 338 3314 G
378 3261 461 3314 rebus
479 3275 529 3314 000
553 3259 585 3314 F
623 3276 652 3315 00
676 3259 712 3314 ad
737 3261 831 3315 omnia
860 3261 887 3314 V
920 3266 954 3316 20
971 3261 1047 3318 uelit
1064 3265 1157 3318 fucere

167 3329 204 3380 Μ
217 3333 222 3392 Ι
237 3329 352 3399 frigiam
367 3331 405 3384 M
429 3329 595 3399 phieiamG
625 3329 796 3400 pythiamF
825 3331 947 3402 pithiam
961 3331 1070 3401 170000.
1081 3334 1154 3388 Mer·

159 3398 254 3474 certae
326 3404 359 3451 22
383 3415 412 3454 se
437 3401 455 3454 i.
478 3400 533 3468 pel.
556 3399 583 3454 G
654 3406 687 3455 23
711 3401 788 3472 indo]
812 3402 845 3456 Iri
869 3403 907 3456 M
926 3405 930 3468 Ι
951 3403 988 3456 00
1014 3407 1156 3460 nestorem

166 3464 255 3582 pilum
275 3465 325 3530 (ἕἸ
373 3474 407 3522 24
425 3471 457 3522 ut
479 3469 548 3536 quid
575 3468 746 3537 Gtueuiret
765 3472 825 3539 ΜΙ
847 3489 902 3540 quo
927 3473 954 3526 V
1026 3473 1156 3529 00010

179 3548 231 3599 ug.
248 3533 285 3584 M
355 3541 388 3590 26
408 3553 548 3607 operaque
568 3555 617 3594 000
635 3544 664 3594 00
681 3541 812 3608 poll-M.
