2416 3944
198 225 250 272 ΧΠ

197 361 305 424 autem
331 359 342 422 i
366 379 437 422 sum
464 379 505 422 ne
532 356 707 442 inspexisse
735 357 879 441 quidem:
908 357 947 422 de
969 379 1034 442 qua
1053 379 1087 423 re
1107 360 1150 443 egi

197 442 218 506 l.
241 442 262 505 l.
285 463 316 525 p.
340 380 392 506 gil.
428 441 517 514 Idem
531 441 639 506 nescio
655 461 698 505 an
713 441 752 505 de
773 441 922 506 Guidone
944 441 983 506 de
1004 441 1151 508 Columna

195 525 301 590 iudice
328 525 542 604 Messanensi,
573 525 629 610 qui
662 525 829 590 historiam
856 525 1096 591 celeberrimam
1124 533 1150 590 et

197 609 414 675 doctissimam
441 609 666 674 deshuctionis
694 608 809 674 Troiae
831 631 918 675 anno
943 610 1026 674 1282
1048 611 1150 696 lingua
1175 677 1176 686 ,

196 693 314 758 Latina
345 693 509 778 eleganter
540 694 602 758 scri
625 696 692 757 tam
724 691 839 776 edidit,
871 693 1079 759 iudicandum
1107 697 1176 776 sit*

197 778 343 862 quamvis
370 777 438 863 ipse
470 776 579 842 laudet
638 777 735 841 aretis
764 781 861 862 atque
888 777 1014 862 Dictyis
1047 799 1149 864 graeca

197 861 333 958 scriptos
353 861 454 927 libros
476 884 496 926 a
519 860 670 927 Cornelio
691 865 810 944 nepote
826 859 970 926 Sallustii
992 862 1148 926 clarissimi

196 947 293 1010 nimrs
314 945 455 1011 breviter
475 946 658 1010 translatos.
694 943 797 1009 Plane
818 966 858 1008 ex
879 966 917 1009 eo
939 945 1083 1028 pendent
1101 947 1148 1029 qui

197 1030 266 1094 eius
298 1029 467 1094 historiam
502 1030 538 1094 in
569 1033 712 1094 nostram
745 1029 793 1094 lin
839 1050 890 1092 am
926 1031 1149 1096 transtulerunt

196 1113 219 1177 J
221 1133 342 1177 oannes
353 1112 437 1177 Mair
449 1112 716 1198 Noerdlingensis
731 1116 764 1176 et
811 1114 937 1177 enricus
949 1113 1149 1178 Bnmsvieeu-

198 1197 251 1279 sis,
273 1197 339 1281 qui,
361 1218 434 1261 cum
455 1196 488 1260 id
510 1198 571 1262 sibi
592 1199 845 1281 proposuissent,
867 1200 905 1260 ut
920 1196 1077 1262 (luidonis
1098 1198 1149 1262 ele·

197 1284 329 1366 gentem
345 1281 483 1366 quidem,
506 1281 542 1344 in
556 1279 746 1363 quibusdam
768 1285 875 1345 autem
891 1280 1068 1346 doctiorem
1087 1303 1148 1345 nar·
1175 1285 1177 1350 l

195 1366 355 1430 rationem
375 1363 585 1450 popularibus
606 1365 673 1430 suis
688 1364 894 1448 explicarent,
916 1365 1008 1430 fonte
1030 1387 1097 1448 suo,
1118 1386 1148 1427 er

196 1471 260 1597 qap
292 1450 500 1596 ltrauriebant,
537 1449 614 1514 satis
643 1450 788 1514 contenti
820 1449 919 1514 alium
951 1471 1019 1514 non
1055 1449 1148 1532 requi·

195 1554 229 1596 re
253 1555 318 1597 an.
430 1577 443 1600 .

281 1615 403 1682 Contra
429 1615 617 1681 Konradum
646 1615 685 1680 de
713 1615 930 1701 Virceburgo‚
966 1617 1019 1680 vel
1050 1616 1149 1701 potius

196 1722 278 1784 eum,
301 1701 357 1785 qui
379 1700 447 1766 eius
469 1722 550 1784 opus
565 1701 775 1784 continuavit,
797 1699 912 1784 Dictys
927 1700 1045 1765 Latino
1067 1720 1149 1764 usum

195 1806 279 1868 esse,
301 1786 471 1868 praecipue
493 1789 583 1849 sexto
606 1785 674 1849 eius
695 1785 779 1849 libro
805 1806 873 1848 non
895 1784 1045 1868 estquod
1066 1804 1149 1867 nege
1177 1861 1178 1866 ἵ

195 1891 277 1952 mus,
299 1868 339 1932 ef.
361 1890 422 1933 nos
444 1868 465 1932 l.
488 1867 510 1932 l.
531 1891 564 1951 p.
587 1869 638 1932 35.
1177 1871 1178 1912 l

278 1952 319 2016 Iu
333 1952 530 2016 restituendo
545 1953 636 2015 textu
651 1973 746 2034 quem
767 1951 879 2016 dicunt
899 1952 1065 2035 scriptoris
1079 1953 1148 2015 haec

193 2035 275 2100 mihi
296 2036 454 2120 praesidia
474 2040 603 2119 praesto
625 2035 772 2098 fuerunt:

279 2120 308 2184 G
342 2119 451 2185 Codex
483 2118 547 2184 San
572 2119 701 2182 allensis
734 2118 764 2180 D
794 2139 827 2181 n.
854 2117 918 2181 205
945 2117 1148 2182 bibliothecae

193 2204 385 2268 Monasterii
419 2224 499 2267 saec.
554 2287 561 2298 ·
603 2203 655 2266 vel
682 2201 729 2284 X,
742 2201 815 2298 qui
842 2202 956 2285 quanti
988 2201 1031 2266 sit
1062 2199 1148 2300 pretii

194 2309 281 2351 nunc
303 2285 432 2350 demum
454 2306 583 2370 egregia
604 2285 786 2350 Woelfflrm
808 2305 907 2367 opera
928 2306 1148 2383 cognose-po·

193 2375 266 2455 test,
310 2371 345 2434 ui
367 2391 439 2434 eum
462 2391 563 2453 usque
585 2371 625 2433 ad
645 2369 679 2434 Π
700 2371 743 2434 50
763 2369 843 2432 mihi
866 2370 1013 2454 eontulit,
1035 2370 1149 2452 rehqua
1178 2405 1179 2430 ι

193 2456 234 2519 ab
256 2393 377 2519 adolfo
391 2454 496 2539 Kaegi
517 2452 712 2518 conferenda
733 2453 865 2518 curavit
887 2453 974 2517 hunc
995 2453 1031 2517 in
1052 2473 1150 2517 recen·

194 2538 293 2604 sendo
319 2539 403 2603 libro
440 2538 553 2602 ducem
585 2558 745 2602 assumere
778 2558 982 2622 nequaquam
1013 2534 1149 2602 dubitavi

193 2643 330 2706 eumque
357 2622 569 2686 certissimum
597 2621 711 2686 ducem
739 2642 807 2686 esse
835 2621 977 2686 confido:
1004 2621 1149 2686 lectiones

194 2707 262 2770 eius
285 2706 386 2770 disere
410 2710 501 2770 antes
522 2705 659 2770 fideliter
678 2705 801 2770 notavi.

277 2789 306 2854 B
329 2728 408 2856 Oodp.
424 2789 596 2855 Bernensis
618 2813 651 2855 n.
666 2790 728 2854 367
750 2810 830 2854 saec.
845 2789 926 2853 XHI
939 2787 1148 2855 intercedente

192 2873 381 2939 Hermanno
395 2873 531 2960 Hageno
554 2874 690 2939 collatus
712 2896 731 2938 a
744 2872 865 2938 Kuraio
880 2873 1015 2938 minoris
1030 2873 1148 2957 quidem

192 2959 287 3040 pretii
310 2958 366 3022 sed
387 2958 520 3023 omnino
535 2980 603 3023 non
625 2955 831 3043 spernendus,
853 2957 1002 3039 inprimis
1016 2957 1056 3022 iis
1078 2956 1148 3021 loeis

193 3042 308 3123 quibus
338 3041 580 3128 Sangallensem
613 3064 718 3108 errare
746 3039 952 3106 manifestum
982 3046 1040 3107 est.
1084 3038 1146 3105 Etsi

192 3147 259 3190 non
288 3127 504 3191 necessarium
530 3126 612 3190 mihi
632 3128 735 3192 visum
760 3130 808 3192 est
830 3147 941 3190 omnes
963 3126 1031 3190 eius
1053 3125 1148 3190 uarias

191 3209 346 3275 lectiones
368 3210 540 3294 adnotare,
563 3209 650 3294 quod
671 3210 773 3275 multa
793 3210 1011 3296 negligentiae
1033 3209 1147 3274 scribae

191 3294 401 3359 adscribenda
414 3299 499 3380 sunt,
521 3295 585 3359 aha
606 3294 754 3360 eonsulto
769 3295 919 3359 videntur
939 3297 1064 3358 mutata
1078 3312 1146 3369 esse,

190 3400 258 3443 non
285 3401 358 3443 raro
389 3383 499 3444 tamen
531 3400 605 3443 eum
630 3379 773 3462 laudavi,
806 3379 977 3463 praecipue
1006 3377 1063 3443 ubi
1084 3395 1146 3442 cum

190 3461 259 3527 eod.
283 3461 486 3548 Sangallensi
508 3464 678 3527 consentit.
