2414 3946
322 200 370 246 nu
392 200 454 246 nun
475 200 605 248 unrici
628 201 703 249 cnr.
719 202 820 249 xxm.
891 271 892 274 Ἴ
992 186 1036 252 49

62 337 259 399 Februarium
281 345 383 414 postea
410 339 528 416 quidem
550 338 680 410 additos,
709 341 760 400 sed
784 340 955 402 nominibus
975 342 1034 401 iam

64 442 100 482 ex
121 423 204 483 Latio
226 423 366 501 sumptis3
390 431 420 483 et
441 423 608 485 Ianuarium
631 423 666 484 ab
688 423 775 493 lano,
798 427 845 486 cui
867 424 1035 487 adtributus

64 516 118 576 est,
135 523 246 568 nomen
261 507 400 576 traxisse,
428 507 624 568 Februarium
640 527 657 568 a
673 507 788 570 februo.
835 517 879 572 est
894 509 1033 572 februum
1054 520 1087 569 14

64 590 209 670 quidquid
238 592 300 670 piat
329 599 509 670 purgatque,
541 602 571 654 et
599 591 803 654 februamenta
830 601 1034 674 purgamenta,

26 677 134 738 sitem
156 675 297 738 februare
317 693 447 754 purgare
462 683 492 738 et
505 695 613 756 purum
630 677 737 739 facere.
775 677 914 740 februum
935 687 1035 740 autem

63 777 123 820 non
146 759 225 821 idem
247 777 458 838 usquequaque
476 761 597 822 dicitur:
622 779 690 822 nam
706 761 791 822 aliter
811 765 842 822 in
864 761 927 824 aliis
942 765 1035 824 sacris

64 843 235 915 februatur,
259 845 316 905 hoc
338 853 382 905 est
403 853 556 923 purgatur.
602 847 632 905 in
653 845 711 906 hoc
732 853 829 908 autem
852 865 956 908 meuse
977 848 1033 908 Lu·
1054 855 1087 906 15

62 928 249 1006 percalibus,
278 947 346 990 cum
360 928 454 990 Roma
475 929 633 997 lustratur.
661 929 753 991 salem
776 931 902 992 calidum
924 931 1034 1004 ferunt,

64 1013 144 1092 quod
160 1013 300 1075 februum
316 1011 479 1092 appellant,
504 1014 585 1074 unde
607 1015 668 1076 dies
684 1014 891 1092 Lupercalium
912 1017 1035 1097 proprie

11 1113 45 1161 ιο
64 1097 219 1159 februatus
245 1104 275 1158 et
300 1096 396 1159 abeo
421 1116 514 1178 porro
539 1099 649 1159 mensis
674 1098 854 1162 Februarius
880 1103 1034 1162 vocitatur.

64 1202 101 1244 ex
123 1183 170 1243 his
185 1182 341 1244 duodecim
356 1183 511 1245 mensibus
526 1183 654 1244 duorum
668 1190 783 1246 tantum
799 1187 918 1246 nomina
940 1187 1034 1246 inmu-
1056 1195 1087 1244 16

63 1274 134 1328 tata.
172 1284 241 1328 nam
255 1265 394 1338 Quintilis
409 1267 502 1329 lulius
516 1269 740 1346 cognominatus
762 1277 807 1328 est
822 1269 852 1330 C.
871 1269 996 1330 Caesare
1013 1283 1035 1326 v

64 1361 95 1412 et
110 1352 155 1433 bi.
179 1352 308 1413 Antonio
330 1369 410 1412 cons.
439 1370 517 1413 anno
545 1351 659 1413 iuliano
684 1353 830 1413 secundo:
861 1353 910 1432 qni
936 1360 1035 1414 autem

64 1435 184 1498 Sextilis
204 1436 315 1506 fuerat,
337 1454 374 1497 ex
397 1436 450 1498 ΒΕ.
465 1437 577 1498 Marcio
598 1437 760 1498 Censorino
781 1437 812 1498 C.
828 1439 929 1498 Asinio
950 1437 1035 1500 Gallo

12 1535 45 1584 15
65 1538 150 1582 cons.
169 1522 201 1597 in
214 1520 340 1598 Augusti
359 1521 504 1582 honorem
526 1521 621 1583 dictus
642 1528 687 1583 est
707 1523 856 1601 Augustus
876 1539 954 1584 anno
977 1524 1035 1583 Au-

63 1607 145 1682 gusti
165 1606 336 1666 vicensimo.
372 1621 448 1684 quae
468 1608 589 1667 nomina
611 1608 794 1667 etiamnunc
816 1606 853 1667 ad
868 1606 945 1668 hano
965 1623 1035 1686 per·

63 1695 188 1750 manent
207 1690 390 1751 memoriam.
430 1698 531 1770 postea
553 1709 624 1752 vero
646 1689 731 1752 multi
751 1693 901 1770 principes
916 1693 1035 1753 nomina
1055 1700 1086 1750 17

64 1773 212 1853 quaedam
232 1775 377 1834 mensium
398 1774 618 1835 inmutaverunt
639 1778 700 1836 suis
722 1777 919 1854 nuncupando
941 1778 1035 1837 nomi·

63 1857 168 1926 nibus3
197 1858 275 1936 quod
297 1867 348 1919 ant
372 1859 431 1937 ipsi
450 1859 639 1938 postmodum
660 1867 864 1931 mutaverunt,
894 1867 945 1921 aut
969 1868 1038 1938 post

10 1955 46 2006 20
64 1942 180 2004 obitum
201 1961 303 2003 eorum
318 1942 366 2003 illa
382 1946 502 2004 nomina
517 1944 643 2022 pristina
662 1945 724 2004 suis
738 1944 853 2005 reddita
872 1945 1035 2005 mensibus.

131 2027 274 2106 Superest
287 2045 380 2105 pauca
396 2028 434 2088 de
449 2027 498 2089 die
512 2028 626 2096 dicere,
655 2029 719 2106 qui,
747 2037 780 2089 ut
793 2028 903 2090 mensis
919 2035 970 2089 aut
984 2046 1036 2088 an·
1048 2030 1087 2091 23

64 2129 139 2180 nus,
163 2113 271 2191 partim
293 2111 433 2174 naturalis
449 2115 556 2192 partim
579 2111 670 2173 civilis
686 2121 738 2173 est.
783 2111 957 2173 naturaliter
972 2112 1070 2174 diest

66 2204 112 2258 est
127 2203 244 2275 tempus
259 2195 296 2258 ab
312 2199 464 2260 exoriente
478 2197 541 2259 sole
555 2197 591 2258 ad
608 2196 677 2258 solis
693 2215 849 2266 occasum,
865 2198 949 2258 cuius
965 2215 1036 2260 ccu-

65 2282 192 2342 trarium
208 2289 326 2360 tempus
341 2289 385 2343 est
400 2299 460 2343 nox
474 2281 511 2343 ab
528 2295 634 2344 occasu
651 2280 721 2343 solis
736 2281 773 2342 ad
789 2290 934 2343 exortum,
966 2283 1036 2342 clvi·

10 2378 47 2428 25
65 2366 137 2426 liter
152 2372 250 2427 autem
266 2367 328 2428 dies
344 2374 464 2427 vocatur
477 2375 595 2446 tempus
607 2366 687 2447 quod
698 2368 731 2428 fit
745 2384 804 2427 uno
820 2365 893 2427 caeli
909 2368 1036 2427 clrmm·

65 2457 150 2520 actu,
174 2469 233 2531 quo
255 2452 319 2514 dies
334 2469 421 2513 verus
442 2459 471 2512 et
486 2470 546 2513 nox
561 2453 744 2523 continetur,
768 2458 800 2512 ut
821 2469 890 2513 cum
910 2451 1037 2512 diuisus

65 2535 196 2616 aliquem
212 2536 276 2598 dies
290 2551 366 2597 xxx
381 2543 494 2598 tantum
511 2538 631 2598 vixisse:
654 2535 833 2616 relinquitur
854 2536 933 2596 onim
949 2537 1037 2598 etum

66 2629 172 2682 noctes
193 2619 377 2700 intellegere.
411 2621 595 2683 huiusmodi
611 2622 673 2684 dies
694 2620 731 2684 ab
752 2621 908 2699 astrologis
924 2627 953 2682 et
968 2622 1037 2682 cini·
1055 2629 1072 2678 3

137 2861 162 2912 3.
189 2871 305 2908 pennum
328 2859 384 2908 DV
448 2859 473 2908 4.
502 2857 632 2923 quicquid
664 2858 692 2907 V
756 2871 818 2921 piar
842 2858 879 2914 D,
908 2871 942 2906 ex
964 2857 1038 2906 initio

64 2941 200 2991 cupersan.
224 2928 253 2989 d,
278 2927 374 2990 expiat
395 2926 421 2975 V
440 2928 512 2990 culpo
580 2927 605 2977 6.
629 2935 750 2976 aeneum
764 2925 830 2987 DV,
853 2927 911 2974 item
932 2930 1039 2989 uterque

65 2996 138 3044 oea
209 2995 250 3048 12,
274 3005 335 3044 nem
355 3006 401 3057 qui
419 3007 508 3044 tumus
526 2995 581 3044 DV
650 2995 690 3046 13³
714 3007 747 3042 ee
770 3003 918 3042 maurusio
934 2993 992 3041 DV

67 3063 128 3113 «ιο-ε·
149 3062 182 3123 D,
203 3059 274 3112 coni·
297 3063 330 3124 V,
348 3062 407 3111 item
423 3067 530 3128 referque
547 3065 630 3112 vs.15
699 3061 740 3110 14,
759 3051 818 3110 eibi·
837 3069 934 3112 manco
951 3059 1008 3109 DV

67 3128 99 3180 0.
111 3125 221 3196 Asinio]
237 3141 345 3180 casune
355 3129 414 3179 DV
475 3130 516 3184 15.
529 3128 658 3195 augustio
669 3127 822 3179 trincesimo
839 3127 865 3176 V
925 3128 967 3178 20.
978 3133 1040 3190 poet

66 3197 210 3248 mensibus
230 3199 303 3262 culpo
326 3197 389 3247 add.
413 3201 477 3246 suut
544 3200 586 3247 22.
604 3211 776 3248 neruum*
794 3193 900 3261 (rasura
918 3199 1040 3260 quattuor

66 3267 208 3332 quinqueve
231 3263 297 3329 litt.)
323 3265 362 3323 D,
386 3263 527 3316 naturales
550 3267 582 3327 d,
606 3265 745 3316 naturalis
767 3265 795 3314 V
813 3267 885 3330 culpo
954 3263 996 3312 23.
1022 3276 1041 3312 a

67 3347 145 3384 sonos
164 3334 189 3382 D
258 3335 301 3384 24.
325 3336 368 3383 est
385 3335 493 3397 tempus
515 3333 539 3382 V
608 3331 700 3384 civilis
717 3335 789 3398 culpo
859 3331 900 3382 25.
919 3340 1042 3382 concum-

67 3413 167 3452 acaum
187 3400 258 3465 quob
275 3401 300 3450 D
370 3401 411 3450 27.
429 3395 496 3467 xxx]
516 3405 546 3451 ta
562 3415 693 3467 cupersan.
712 3403 774 3452 m.2
793 3400 820 3450 in
842 3400 867 3449 V

119 3499 307 3538 GENSOBINUS.
816 3482 839 3546 4
