2460 3940
368 1050 819 1135 PRAEFATIO.

518 1265 569 1278 ΜΝ
570 1264 670 1280 ΙΙΙΙΙΙΙ

172 1438 350 1522 Censorini
377 1455 634 1539 recognoscendi
661 1465 699 1520 ut
728 1455 900 1521 consilium
930 1478 1079 1543 caperem

105 1565 234 1630 factum
256 1573 306 1630 est
328 1564 465 1630 ennom
487 1563 624 1628 Hnnun
645 1564 820 1649 beneficio,
844 1568 901 1652 qui
923 1576 999 1632 ante
1020 1569 1078 1635 hos

107 1683 263 1761 quattuor
284 1695 399 1757 annos,
423 1695 498 1739 cum
518 1674 675 1740 Misniam
697 1678 928 1743 convenissent
942 1677 1078 1743 Germa-

105 1786 182 1850 niae
215 1784 281 1850 viri
314 1783 487 1870 philologi,
522 1783 642 1851 obtulit
674 1785 752 1850 mihi
781 1809 877 1852 suum
907 1786 1079 1854 Censorini

107 1893 312 1980 exemplum,
346 1894 382 1958 in
410 1914 473 1981 quo
496 1893 624 1960 variam
652 1894 773 1961 codicis
795 1896 1078 1962 Darmstadiensis

108 2004 308 2091 scripturam
325 2003 578 2089 diligentissime
593 2005 820 2071 adnotaverat.
857 2005 1018 2091 Namque,
1041 2017 1079 2072 ut

106 2115 177 2179 fere
193 2113 241 2196 fit,
257 2124 431 2200 postquam
447 2113 578 2179 Ottonis
594 2115 689 2180 Iahni
705 2137 785 2179 cura
799 2113 969 2180 Censorini
983 2115 1077 2197 liber,

105 2225 208 2308 vulgo
220 2225 362 2310 pessime
377 2223 498 2305 editus,
513 2225 633 2290 mirum
648 2233 770 2311 quanto
787 2224 989 2292 emendatior
1003 2248 1078 2313 pro-

107 2334 171 2398 diit
193 2355 236 2398 ex
257 2333 426 2399 codicibus
441 2333 708 2400 Darmstadiensi
724 2344 756 2400 et
771 2335 944 2418 Vaticano,
968 2344 1078 2401 tamen

107 2443 190 2508 satis
202 2442 313 2528 ampla
323 2444 437 2509 variae
449 2444 631 2530 scripturae
642 2445 737 2530 copia
751 2446 873 2510 omissa
887 2453 968 2528 erat,
984 2447 1077 2511 cuius

107 2554 138 2616 si
160 2553 247 2619 ratio
269 2552 456 2634 haberetur,
479 2552 599 2618 multos
622 2551 711 2619 locos
735 2553 844 2619 adhuc
865 2554 973 2620 minus
988 2565 1078 2621 recte

106 2660 215 2728 editos
245 2662 364 2748 corrigi
391 2683 488 2748 posse
516 2661 645 2728 viderat
666 2661 829 2727 Halmius.
873 2663 989 2750 Itaque
1016 2687 1077 2749 ego

107 2773 228 2836 summi
251 2772 315 2837 viri
338 2773 528 2839 auctoritati
549 2772 692 2839 libenter
713 2773 942 2862 obtemperans
958 2773 1077 2838 Censo-

104 2881 172 2946 rini
193 2879 313 2947 librum
333 2883 382 2946 ita
403 2903 574 2948 recensere
595 2883 735 2964 institui,
757 2891 804 2962 ut,
828 2890 985 2967 quantum
1005 2881 1077 2947 fieri

104 3004 230 3076 posset,
253 2991 361 3077 ipsam
375 2993 545 3078 antiquam
560 2991 684 3059 codicis
700 2991 982 3057 Darmstadiensis
998 2993 1076 3056 scri-

103 3109 250 3187 pturam,
273 3123 340 3167 non
353 3101 567 3167 recentiorem
588 3100 679 3166 illam
694 3123 792 3188 quam
815 3099 880 3166 alia
902 3123 1019 3167 manus
1040 3103 1076 3166 iu

106 3210 247 3276 eundem
272 3209 395 3277 librum
422 3211 547 3296 passim
572 3211 700 3295 intulit,
737 3222 904 3297 tamquam
925 3210 1077 3276 certissi-

104 3341 194 3384 mam
209 3320 326 3386 ducem
348 3342 511 3408 sequerer.
549 3321 657 3402 Quam
678 3321 839 3386 rationem
859 3320 907 3385 ita
920 3318 1075 3385 facillime

106 3431 260 3498 omnibus
284 3431 459 3517 probatum
479 3431 522 3495 iri
544 3431 791 3514 existimabam,
815 3431 899 3496 siet
922 3430 1077 3517 antiquae
