2460 3940
372 178 485 230 BELLI
503 178 656 232 TROIANI
673 181 745 234 LIB.
766 181 796 235 V.
1023 181 1062 245 87

183 325 225 390 Π.
255 323 392 409 „Grave
404 326 537 392 Troiani
547 329 710 412 principes
726 351 847 413 vosque
862 332 951 416 sccii,
967 353 1064 417 grave

4 407 5 478 ἶ
97 409 221 474 bellum
242 411 337 475 nobis
364 412 507 477 extitisse
536 413 704 478 adversum
727 414 911 499 Graeciam3
934 418 1064 502 gravius

97 517 176 560 vero
209 495 377 579 multoque
416 497 540 580 durius,
580 498 724 563 mulieris
757 520 853 564 eausa
892 501 1064 586 hostesque

3 597 5 662 j
98 579 230 644 effectos
252 602 349 663 quam
376 581 603 665 amicissimos,
632 584 687 667 qui
715 583 789 648 inde
816 585 881 650 iam
903 608 922 649 a
944 585 1063 669 Pelope

98 665 165 728 orti
201 663 376 729 adfinitatis
411 666 509 730 etiam
552 667 621 731 iure
655 669 748 733 nobis
782 670 945 734 coniuncti
978 675 1090 735 sunta

3 759 5 800 ἶ
97 770 239 832 namque
262 749 290 813 si
303 752 477 833 praeterita
491 751 576 816 mala
598 753 782 818 summatim
797 754 956 838 attingere
972 776 1066 838 opor·

97 837 178 916 teat,
200 855 376 918 numquam
398 835 510 900 civitas
532 840 643 900 nostra
672 837 821 921 depressa
842 839 1002 904 aerumnis
1025 839 1066 902 ad

3 979 6 992 ,
98 918 245 1002 requiem
273 919 410 984 emersit.
461 943 637 1004 usquamne
671 923 764 987 nobis
800 922 928 987 defuere
962 923 1065 1007 fietus,
1122 975 1126 982 .

3 1015 5 1028 ²
99 1007 159 1067 aut
172 1003 267 1067 sociis
289 1004 478 1070 imminutae
494 1005 715 1070 calamitates?
745 1008 873 1091 quando
889 1030 956 1072 non
971 1008 1067 1072 amici

4 1103 5 1106 ’
101 1091 253 1172 parentes
280 1089 455 1186 propinqui
487 1091 546 1154 filii
575 1091 712 1174 denique
744 1092 781 1156 in
815 1091 899 1158 bello
933 1093 1065 1182 amissi?
1079 1113 1104 1152 ro

100 1175 151 1254 et,
174 1177 210 1236 ut
232 1192 270 1236 ex
292 1193 343 1236 me
364 1173 562 1257 rcquucrum
584 1174 729 1240 luctuum
750 1177 938 1241 memoriam
959 1185 1067 1242 reeen-

3 1289 5 1322 r
98 1278 200 1340 seam,
224 1255 376 1340 quidnam
399 1257 434 1322 in
450 1258 571 1324 Glauco
587 1261 655 1325 filio
670 1261 830 1324 toleravi?
858 1262 947 1325 euius
969 1263 1068 1327 inter-

99 1342 177 1423 itus,
200 1363 393 1426 quamquam
413 1344 546 1408 acerbus
567 1344 657 1428 mihi,
680 1349 789 1410 tamen
807 1366 875 1409 non
897 1346 943 1410 ita
963 1345 1069 1411 dolori

3 1503 4 1510 ἵ
101 1426 177 1509 fuit,
201 1447 298 1509 quam
325 1432 451 1512 tempus
473 1428 568 1511 illud,
599 1451 663 1512 quo
691 1429 860 1494 adiunctus
882 1430 1067 1495 Alexandro

3 1581 5 1596 y
100 1511 143 1574 ad
169 1514 299 1594 raptum
326 1510 468 1578 Helenae
501 1513 689 1577 comitatum
722 1514 772 1578 sui
805 1515 962 1598 praebuit,
1013 1514 1068 1580 sed
1081 1535 1106 1574 15

101 1595 350 1680 praeteritorum
377 1598 487 1662 saties:
522 1598 638 1662 futuris
667 1597 780 1663 saltem
806 1599 1003 1683 parcendum
1030 1621 1068 1664 ac

100 1680 335 1745 consulendum
358 1682 414 1746 est.
460 1682 574 1747 Graeci
596 1682 743 1748 homines
766 1682 913 1749 custodes
934 1684 1014 1749 fidei.
1032 1706 1068 1748 ac

93 1765 264 1847 ueritatis,
292 1765 452 1850 principes
481 1767 718 1832 benivolentiae
752 1772 848 1854 atque
877 1769 1067 1834 officiorum.

100 1851 200 1914 iestis
222 1848 274 1913 his
301 1850 395 1915 rebus
423 1850 584 1934 Priamus,
614 1853 669 1936 qui
697 1853 768 1936 ipso
793 1854 929 1936 strepitu
952 1854 1069 1917 discor-

3 1955 4 1962 *
101 1933 230 1998 diarum
257 1934 397 2000 fructum
431 1940 541 2000 tamen
566 1937 803 2002 misericordiae
838 1959 949 2002 eorum
978 1937 1068 2002 tulit:
1083 1959 1107 1998 ac

101 2040 209 2102 neque
231 2018 399 2085 inferendo
422 2019 541 2085 bellum
569 2022 740 2104 quicquam
767 2022 856 2105 prius
878 2025 1069 2086 temeratum

101 2103 145 2168 ab
173 2103 241 2186 his,
273 2125 369 2186 quarn
396 2105 562 2187 perfidiam
590 2106 626 2169 in
648 2107 720 2190 ipsa
741 2106 903 2190 legatione
925 2106 1070 2170 insidias-

102 2209 166 2271 que
190 2188 371 2252 abnostris
394 2190 517 2273 experti
538 2195 623 2254 sunt.
669 2191 704 2254 in
725 2213 790 2274 qua
811 2212 860 2274 re,
889 2191 960 2255 dico
984 2190 1070 2254 enim

102 2271 202 2356 quod,
214 2273 334 2356 sentio,
362 2272 509 2338 Priamus
538 2275 669 2358 eiusque
691 2275 750 2339 filii
772 2279 933 2341 auctores:
962 2275 997 2339 in
1018 2275 1070 2339 his

102 2357 203 2420 eiiam
217 2357 441 2441 Antimachus
464 2360 520 2442 qui
542 2381 653 2423 recens
675 2361 799 2425 amissis
821 2359 931 2425 liberis
953 2361 1000 2424 ini
1024 2360 1070 2424 ui·
1083 2379 1109 2420 so

102 2440 181 2505 tatis
204 2462 280 2506 suae
301 2464 423 2525 poenas
444 2443 514 2509 luit.
558 2445 638 2508 haec
660 2445 769 2510 omnia
790 2446 825 2509 in
848 2446 985 2530 gratiam
1041 2466 1071 2508 e-

103 2527 198 2590 lenae
221 2530 325 2610 gesta,
355 2527 477 2592 seilicet
504 2528 572 2592 eius
594 2528 752 2612 mulieris,
777 2551 871 2614 quam
892 2551 934 2594 ne
957 2528 1072 2594 Graeci

104 2610 237 2694 quidem
259 2611 400 2695 recipere
421 2615 573 2697 gestiunt.
618 2615 795 2678 retineatur
816 2615 918 2700 igitur
939 2614 974 2678 in
996 2613 1072 2678 eivi-

102 2699 172 2760 tate
195 2717 234 2759 ea
254 2695 388 2780 femina,
413 2697 454 2761 cb
477 2719 573 2781 quam
595 2697 686 2762 nulla
707 2719 803 2783 gens,
832 2698 914 2763 nulli
935 2720 1072 2782 usquam

103 2781 220 2864 populi
253 2781 347 2846 amici
375 2785 431 2846 aut
457 2804 525 2847 non
554 2782 664 2847 infesti
692 2783 768 2848 huic
800 2804 911 2868 regno.
961 2803 1071 2846 nonne
1084 2800 1110 2840 ao

103 2869 223 2948 sponte
245 2865 414 2948 supplices,
437 2872 474 2931 ut
494 2868 751 2952 recipientem,
774 2867 982 2952 rogabimus?
1005 2886 1073 2930 non

105 2950 197 3013 omni
212 2949 308 3013 modo
331 2950 562 3016 satisfaciemus
584 2951 678 3016 laesis
701 2953 765 3016 iem
780 2952 899 3017 totiens
916 2973 975 3035 per
988 2949 1072 3016 nos?

105 3055 174 3098 non
197 3033 233 3097 in
255 3033 400 3098 futurum
423 3036 536 3100 saltem
558 3036 836 3102 reconciliabimus
858 3036 939 3102 tales
961 3035 1072 3101 viros?

176 3191 209 3239 25
227 3188 320 3242 Treta,
339 3188 483 3241 Antchom.
504 3192 562 3242 158.

176 3323 347 3376 3hcsieaB
417 3328 432 3376 i
452 3341 486 3376 en
510 3341 629 3390 unquam
648 3327 673 3376 P
691 3329 759 3392 quod
774 3329 918 3390 aspiratus
941 3332 981 3380 ert
1003 3325 1074 3376 Mer-

106 3405 183 3440 eerur
204 3407 259 3442 cum
280 3394 353 3458 cipro
376 3396 586 3460 interrogationis
666 3395 682 3442 8
700 3409 856 3459 unquamne
880 3394 905 3442 P
981 3395 1012 3443 16
1030 3408 1075 3442 aa·

107 3459 145 3508 iis
168 3459 195 3508 V
262 3463 293 3512 19
313 3461 406 3525 quiin
424 3463 450 3511 P
516 3464 550 3514 26
568 3462 662 3526 gratia
681 3461 729 3512 ΕΒ
764 3462 881 3526 gratiam
899 3462 924 3510 P
982 3463 1013 3511 31
1032 3476 1075 3508 ro·

108 3528 279 3591 gaulinusii
313 3530 472 3594 rogabimus
489 3529 523 3582 B.
