2416 3944
153 205 195 270 56
465 207 595 258 mcrrs
614 205 815 260 ORETENSIS

153 357 288 422 Melium
327 357 506 441 Astynoum
544 355 737 440 Doryclum'
760 353 985 440 Hippothoum
1022 362 1118 442 atque

153 441 425 526 Hippodamanta.
468 447 503 505 at
529 441 564 504 in
591 441 655 505 alia
676 439 753 506 belli
780 445 872 523 parte
893 439 1066 506 Patroclus
1085 446 1119 506 et
1202 463 1203 470 ¹

154 527 271 611 Lycius
298 524 463 610 Sarpedon
489 525 587 590 locati
618 525 653 588 in
683 524 833 590 cornibus
862 525 960 590 nullis
987 527 1119 610 propin-

154 633 292 696 quorum
319 609 541 695 praesentibus
569 611 663 694 signo
697 609 782 674 inter
811 632 845 674 se
873 609 948 675 dato
982 611 1119 676 solitarii

129 695 337 762 scertaminis
382 699 473 760 extra
511 695 612 760 aciem
644 713 841 778 processere,
874 714 1014 779 moxque
1044 695 1121 759 telis

155 783 325 854 advorsum
352 781 459 863 iactis,
493 779 549 843 ubi
583 783 718 877 uterque
752 779 892 844 intactus
926 783 989 863 est,
1022 800 1121 844 curru
1203 771 1204 790 ³

155 866 308 932 desiliunt
323 869 419 949 atque
434 863 570 948 arreptis
585 863 701 949 gladus
712 867 856 1012 pergunt
871 863 1009 930 obviam.
1039 863 1120 928 iam·

155 973 217 1035 que
246 950 365 1014 crebris
393 949 564 1014 advorsum
597 970 631 1012 se
664 949 720 1012 icti
742 970 780 1012 us
808 949 983 1033 congressi,
1013 969 1122 1032 neque

155 1036 342 1100 vulneratus
370 1034 554 1117 quisquam,
589 1031 727 1098 multum
754 1032 818 1097 diei
846 1037 1122 1116 consumpserant,
1204 1085 1205 1110 3

117 1140 142 1180 10
155 1141 228 1184 cum
242 1118 410 1184 Pat'rcclus
432 1117 569 1202 amplius
590 1117 771 1182 audendum
793 1120 881 1182 ratus
903 1117 1029 1202 colligit
1046 1139 1123 1182 sese

155 1205 190 1268 in
217 1223 306 1268 arma
333 1206 366 1267 ct
393 1203 517 1267 cautius
545 1205 710 1268 contectus
737 1200 963 1287 ingressusque
990 1201 1122 1266 hostem

156 1287 394 1372 complectitur,
418 1309 516 1352 manu
538 1285 649 1352 dextra
670 1285 828 1369 poplitem
850 1285 1029 1368 succidens,
1054 1308 1122 1370 quo

155 1374 288 1440 vulnere
311 1372 514 1438 debilitatum
535 1375 632 1455 atque
655 1370 788 1435 exsectis
809 1370 916 1436 nervis
938 1369 1121 1434 invalidum
1205 1381 1206 1452 ζ

155 1458 323 1542 propulsat
345 1478 478 1541 corpore
500 1464 709 1540 mentemque
731 1455 892 1520 interficit.

118 1559 143 1602 a
240 1541 331 1606 vur.
378 1541 470 1616 ouon
502 1541 558 1606 ubi
594 1538 847 1605 samarcam
879 1537 1026 1621 Troiani,
1064 1539 1122 1622 qm·
1205 1487 1206 1548 ³

156 1627 246 1690 iuxta
272 1627 442 1707 steterant,
476 1625 598 1709 gemitu
633 1645 752 1710 magno
785 1624 956 1690 clamorem
987 1622 1122 1706 tollunt,

156 1711 338 1794 relictisque
360 1707 527 1774 ordinibus
548 1709 573 1772 s'
622 1730 642 1772 o
664 1709 739 1773 dato
761 1730 850 1774 arma
876 1708 911 1772 in
932 1706 1122 1773 Patroclum

156 1797 302 1877 vertunt,
331 1793 453 1858 scilicet
478 1791 560 1876 Sarp
601 1793 672 1858 onis
704 1793 837 1858 interitu
863 1792 1027 1875 publicam
1058 1792 1123 1856 cla·
1206 1793 1207 1834 Τ

156 1881 228 1944 dem
256 1878 328 1944 rati.
373 1882 407 1964 at
433 1877 601 1943 Patroclus
633 1877 780 1960 praeviso
814 1877 956 1941 hostium
990 1877 1123 1961 agmine
1206 1887 1207 1940 ἶ

118 1984 143 2024 so
156 1964 257 2029 telum
278 1963 419 2048 positum
441 1963 532 2027 humi
546 1983 682 2047 propere
703 1963 789 2045 rapit
802 1962 1062 2044 compositusque
1085 1961 1123 2025 in

157 2050 253 2115 armis
275 2048 445 2114 audentius
472 2047 601 2113 resistit.
645 2051 722 2111 tunc
749 2046 954 2132 ingruentem
975 2043 1122 2129 Deipho-

156 2136 234 2199 bum
253 2135 347 2199 hssta
360 2133 538 2199 comminus
560 2133 673 2197 tibiam
693 2131 770 2196 ferit
790 2135 886 2214 atquc
908 2129 1058 2194 excedere
1082 2152 1123 2195 ex

157 2220 224 2283 acie
247 2219 353 2303 coegit
374 2217 543 2281 interiecto
565 2216 655 2300 prius
673 2215 896 2314 Gorgythione
918 2215 1018 2312 fratrc
1041 2214 1122 2280 eius.

118 2405 144 2446 s
157 2299 1126 2468 esuritur·suut,tortuosiore

157 2493 194 2537 ac
216 2493 291 2536 mox
313 2491 500 2535 conversam
515 2491 647 2535 sucrum
668 2470 768 2534 aciem
782 2490 841 2552 pro
864 2472 1009 2552 tempore
1031 2469 1124 2534 resti-

156 2556 221 2620 tuit
247 2555 429 2638 increpatis,
449 2554 582 2620 ducibus
611 2576 648 2618 ac
668 2554 829 2702 P¹9¹l⁸ff¹³
858 2575 897 2618 ex
924 2553 1004 2638 fuga
1031 2551 1125 2618 redu-

159 2640 227 2704 ctis.
265 2639 311 2704 ita
331 2640 513 2723 praesentis
535 2639 768 2704 eiusanim1to
795 2642 894 2702 untur
916 2641 949 2702 et
962 2637 1125 2722 proelium

157 2723 348 2790 incenditur.
391 2727 462 2789 tuni
483 2745 559 2789 vero
582 2724 701 2789 inclitis
729 2746 768 2789 ex
790 2725 925 2807 utraque
952 2726 1044 2806 parts
1066 2721 1124 2786 du-

119 2829 145 2869 ro
158 2809 248 2876 cibus
282 2809 471 2875 confirmato
511 2809 652 2874 exercitu
686 2807 865 2892 confligunt
899 2807 999 2889 acies,
1035 2828 1126 2871 nunc

158 2895 234 2960 hinc
261 2895 336 2960 inde
364 2893 550 2960 cedentibus
576 2894 805 2975 instanteset,
835 2891 891 2956 ubi
918 2893 1002 2956 acies
1029 2893 1125 2956 nuta-

159 2983 262 3062 verat,
299 2978 466 3063 praesidiis
493 2977 744 3044 accurrentibus.
800 2977 923 3041 interea
954 2975 1126 3059 utriusque

228 3289 241 3334 1
261 3285 359 3337 molius
379 3285 427 3335 ΕΒ
449 3285 599 3335 Mercerus:
622 3283 734 3334 Melium
755 3281 940 3348 {antyochum
960 3281 1007 3332 GB
1047 3286 1125 3346 asty·

159 3368 265 3402 munem
294 3354 331 3416 P,
366 3353 491 3403 Fnctss'ns
520 3354 628 3404 coniecit
661 3350 813 3416 Astynoum
907 3352 922 3400 7
950 3349 1078 3400 obuicum
1103 3349 1126 3400 G

160 3423 192 3471 18
214 3419 358 3470 interitum
378 3422 451 3482 culpo
474 3422 566 3486 legitur
588 3428 679 3470 contro
701 3419 780 3470 libros
864 3417 896 3468 31
920 3433 993 3468 nunc
1015 3415 1081 3466 inde
1099 3415 1126 3465 B

159 3489 192 3538 32
211 3485 358 3552 praesidiis
377 3487 399 3536 G
423 3486 496 3548 (sort.
515 3503 590 3551 apr.
609 3503 639 3539 m.
663 3493 740 3537 anteo
763 3482 915 3552 pracsidio)
932 3483 937 3551 Ι
952 3485 1125 3536 accurrenti·

160 3554 212 3603 bus
236 3552 284 3604 GB
328 3553 466 3618 praesidio¹
483 3559 660 3606 accurrentes
676 3554 836 3606 Dederictns
853 3555 970 3607 coniecit.
