2460 3940
362 214 476 266 BELLI
492 213 643 265 TROIANI
660 215 730 266 LIB.
748 215 796 266 IV.
950 209 952 212 ’
1020 213 1063 277 79
1079 242 1085 253 .

178 361 268 427 XIV.
307 360 428 427 Contra
450 361 536 446 apud
550 357 707 429 Troianos
729 363 851 428 laetitia
872 367 969 446 atque
991 385 1061 448 gra-

93 447 209 512 tulatio
232 450 365 511 cunctos
387 447 563 511 incesserat
583 447 755 512 interfecto
777 470 872 531 quam
887 446 1060 512 metuendo

95 532 206 596 hoste:
235 531 334 614 hique
361 530 538 594 Alexandri
569 535 786 596 commentum
819 532 987 597 laudantes
1020 531 1061 596 ad

93 615 219 680 caelum
245 615 371 698 ferunt,
405 615 528 679 scilieet
554 636 626 679 oum
653 615 779 680 insidiis
806 621 932 682 tantum
954 617 1062 700 perfe-

93 701 188 782 cerit,
224 703 380 782 quantum
413 720 455 764 ne
489 700 524 763 in
558 700 731 765 certamine
758 701 889 766 auderet
921 700 1088 786 quidemr

91 785 179 848 inter
202 805 284 869 quae
321 784 455 848 nuntius
482 783 612 848 Priamo
645 786 832 868 supervenit
858 783 1061 870 Eurypylum

92 866 229 952 Telephi
246 889 285 932 ex
300 867 425 933 Moesia
439 867 627 951 adventare,
651 891 747 952 quem
768 891 824 934 rex
839 870 950 935 multis
965 873 1061 934 antea

93 953 252 1016 inlectum
272 952 433 1036 praemiis,
456 952 496 1016 ad
517 957 715 1036 postremum
738 954 902 1019 oblatione
924 954 1060 1037 despon-

93 1058 149 1102 sae
167 1035 362 1102 Cassandrae
377 1037 630 1102 oonfirmaverat.
668 1038 723 1102 sed
745 1039 831 1103 inter
846 1043 959 1121 eetera,
979 1059 1060 1121 quae

93 1120 1101 1272 carrucatas,ursmarum-10

93 1289 205 1354 bilem.
262 1294 403 1355 ceterum
435 1256 620 1375 hurypylus
658 1229 777 1356 iirtuie
790 1229 926 1356 pmultis
959 1290 1062 1354 clarus

91 1373 265 1439 Moesiacis
305 1374 401 1439 modo
442 1375 622 1458 Ceteiisque
665 1375 840 1440 instructus
879 1374 1062 1460 legionibus

93 1479 223 1522 summa
243 1458 366 1523 laetitia
388 1481 408 1522 a
421 1459 570 1524 Troianis
592 1463 743 1542 exceptus
765 1481 837 1544 spes
858 1481 969 1524 omnes
991 1459 1061 1522 bar·

90 1542 181 1606 baris
206 1542 241 1607 in
262 1543 377 1608 melius
399 1547 611 1608 converterat.
1075 1563 1101 1604 1⁵

179 1625 253 1690 XV.
297 1626 432 1692 Interim
445 1619 569 1692 ‘Graeci
592 1636 664 1692 ossa
685 1628 823 1693 Achillis
847 1649 930 1693 urna
951 1649 1061 1692 reeon-

91 1710 162 1808 dita
185 1709 398 1795 adiunctaque
420 1711 517 1810 simul
531 1712 673 1777 Patrocli
694 1713 730 1784 in
751 1712 847 1811 Sigeo
870 1712 1060 1810 sepeliyere:

92 1795 378 1964 sarahe
391 1797 863 1946 llhrixldtllltlllh
887 1817 1060 1944 tulta

92 1962 132 2026 de
156 1961 305 2048 Graecis,
328 1965 414 2048 quod
435 1965 519 2030 nihil
541 1965 577 2029 in
598 1964 650 2029 his
672 1965 806 2050 dignum
828 1902 947 2030 deliris
969 1965 1060 2028 iuxta
1071 1985 1099 2024 eo

90 2047 300 2122 amissionem
323 2049 407 2114 tanti
434 2049 541 2114 herois
569 2049 846 2120 animadverterat.
889 2069 947 2132 per
976 2047 1061 2111 idem

88 2136 221 2228 tempus
241 2132 400 2217 Pyrrhus,
453 2137 526 2198 uem
553 2133 625 2199 Neo
649 2133 801 2198 tolemum
829 2131 1061 2214 memorabant,

90 2220 224 2364 ggmtpis
238 2217 367 2365 {3¹¹in
389 2240 428 2282 ex
458 2218 608 2368 {idalia
622 2157 811 2316 liyeomedis
822 2216 1060 2366 asripperueniens

92 2323 112 2365 o
139 2322 181 2364 en
289 2325 344 2367 mu
357 2325 413 2367 um
440 2325 458 2367 e
494 2325 550 2368 rue
565 2324 620 2367 um
648 2325 712 2367 ram
734 2324 774 2366 ex
873 2321 1060 2366 emaxrma.

92 2385 169 2449 dein
190 2391 397 2468 percontatus
429 2388 549 2452 exitum
570 2390 724 2470 paternae
746 2326 859 2452 moitis
886 2385 921 2450 M
943 2384 1058 2451 rmido·
1073 2404 1100 2444 2⁵

89 2491 150 2534 nas
180 2474 308 2554 gentem
335 2471 545 2536 fortissimam
573 2475 605 2536 et
632 2471 778 2536 inolitam
799 2471 907 2536 bellan
933 2471 939 2484 '
963 2470 1060 2534 armis

90 2558 191 2637 atque
214 2554 330 2620 animis
353 2557 537 2638 oonfirmat,
563 2555 778 2641 impositoque
799 2555 947 2621 faciendo
970 2553 1060 2638 operi

89 2637 258 2703 Phoenice
281 2640 321 2706 ad
336 2661 435 2704 naves
457 2645 553 2724 atque
575 2641 615 2704 ad
636 2641 778 2706 tentoria
798 2640 940 2725 parentis
956 2639 1059 2702 vadit:

90 2722 139 2786 ibi
163 2721 330 2788 custodem
358 2746 466 2788 rerum
487 2724 625 2814 Achillis
646 2724 898 2809 Hippodamiam
920 2721 1060 2788 animad-

161 2983 178 3032 9
197 2980 314 3031 Ptolem.
334 2979 373 3030 VI
391 2996 417 3044 p.
435 2981 477 3045 37,
499 2983 539 3030 14.

159 3048 220 3099 XV.
239 3045 474 3098 Cenat-Menam.
492 3049 534 3098 29.

90 3192 296 3206 —--—-·-

160 3284 270 3335 (linter
293 3297 363 3348 quae
386 3287 444 3333 tam
466 3283 542 3334 laeta
560 3284 585 3331 P
663 3285 695 3334 13
718 3283 875 3347 ceterisque
899 3279 947 3331 GB
983 3280 1071 3332 citis.

91 3365 145 3417 qne
164 3351 190 3400 A
218 3349 358 3402 Obreedtur
380 3353 487 3402 coniecit
510 3350 666 3414 Ceteiieque
737 3354 768 3400 16
786 3365 872 3400 urnae
896 3351 958 3399 edit.
974 3349 1058 3413 princ.

92 3419 128 3469 ef.
145 3421 170 3471 8.
192 3418 232 3468 18.
245 3420 271 3469 V
286 3419 325 3469 15.
379 3420 411 3469 19
429 3413 595 3468 habitabant
616 3418 666 3467 VP
707 3416 996 3470 21.animaduerteret
1007 3415 1061 3465 BV

91 3488 124 3536 25
147 3485 301 3603 d⁰⁰2¹⁸q¹³⁸
322 3483 388 3550 poet'
405 3489 494 3536 mortis
516 3486 577 3536 add.
595 3485 645 3536 VP
734 3485 767 3536 28
790 3484 909 3550 phynice
930 3485 951 3534 G
971 3483 975 3548 Ι
995 3497 1059 3533 oon·

92 3553 182 3604 tendit
229 3590 236 3603 .
421 3562 426 3572 ’
757 3585 758 3592 1
