2424 3938
270 216 318 270 ΒΕ
337 215 485 271 EXCIDIO
506 168 642 271 PltOIAE
665 216 846 272 HISTORIA.
1003 217 1054 282 '45

61 364 172 427 vocat.
200 360 255 446 qui
272 361 518 443 postulaverunt
535 359 594 424 sibi
609 361 761 445 loquendi
775 361 961 426 facultatem
976 361 1054 443 dari,

61 451 158 514 iubet
180 450 227 513 eis
250 447 368 532 dicere,
395 448 473 534 quid
495 449 685 514 desiderent.
726 448 874 514 Antenor
896 455 1055 514 memorat

61 538 229 624 principes
244 537 428 602 defensores
442 536 557 602 Troiae
571 535 745 602 Hectorem
759 541 945 623 ceterosque
959 541 1054 603 natos
1129 548 1134 556 '

61 628 229 698 eiusoum
249 625 381 690 advenis
403 625 589 690 ductoribus
611 625 797 690 interiectos
816 647 899 710 esse,
922 625 1054 711 Argivis

63 735 234 780 remanere
251 713 447 779 fortissimos
466 713 747 799 Agamemnonem
764 713 947 779 Menelaum
970 712 1081 779 Neo-⁵

64 803 246 888 ptolemum
269 823 336 867 non
362 802 469 868 minus
497 803 615 868 fortem
643 824 738 887 quam
768 806 861 886 pater
887 804 955 866 eius
984 803 1055 884 fuit,

65 891 250 956 Diomeden
295 889 429 956 Aiacem
473 889 611 956 Locrum
657 893 842 976 ceterosque
886 892 1055 975 conplures

67 1001 277 1064 summaeque
323 979 511 1062 prudentiae
551 977 723 1044 Nestorem
767 978 903 1061 Ulixen,
944 983 1056 1043 contra

64 1055 228 1134 Troiarios
264 1069 389 1133 clausos
426 1071 459 1132 et
495 1070 583 1132 metu
615 1068 771 1132 contritos
807 1089 885 1132 esse.
944 1067 1057 1133 suadet

66 1157 179 1240 potius
216 1177 299 1238 esse,
336 1158 374 1219 ut
407 1153 533 1221 Helena
568 1156 621 1220 his
652 1156 804 1221 reddatur
840 1161 874 1220 et
904 1177 943 1220 ea
976 1177 1056 1241 quae
1072 1175 1096 1212 10

70 1245 255 1309 Alexander
281 1265 354 1312 cum
382 1245 477 1310 sociis
505 1243 683 1310 abstulerat
710 1249 743 1309 et
769 1267 832 1329 pax
855 1246 919 1309 fiat.
968 1249 1057 1327 post-

70 1355 169 1418 quam
206 1333 316 1398 multis
351 1333 458 1398 verbis
495 1333 533 1398 de
570 1353 649 1416 pace
686 1333 886 1398 concilianda
920 1338 1057 1415 eperunt,

70 1422 178 1507 surgit
208 1419 465 1505 Amphimachus
501 1422 586 1486 filius
619 1420 741 1486 Priami
772 1421 961 1486 adulescens
992 1420 1057 1484 for-

68 1511 230 1591 tissimus,
253 1509 347 1574 malis
370 1511 476 1586 verbis
497 1509 698 1575 Antenorem
720 1509 852 1574 adortus
875 1512 926 1573 est
947 1511 980 1571 et
1002 1529 1057 1572 eos

69 1599 130 1684 qui
161 1602 404 1682 consenserant,
442 1599 607 1682 increpare
642 1597 730 1662 facta
768 1619 891 1680 eorum,
925 1595 1057 1662 suadere
1074 1613 1097 1652 1⁵

69 1687 181 1772 potius
209 1686 407 1751 educendum
434 1687 623 1770 exercitum,
649 1687 867 1770 inruptionem
890 1686 925 1750 in
943 1688 1059 1750 ‘caetra

72 1776 267 1858 faciendam,
294 1797 395 1860 usque
422 1775 500 1840 dum
526 1776 658 1840 vineant
681 1778 737 1838 aut
763 1775 840 1839 victi
866 1796 925 1858 pro
953 1772 1058 1856 patria

70 1864 275 1930 occumbant.
312 1867 485 1949 postquam
503 1864 532 1928 is
549 1864 647 1928 finem
665 1863 754 1945 fecit,
777 1861 905 1926 Aeneas
919 1861 1058 1946 exurgit,

71 1953 199 2017 lenibus
223 1951 418 2036 mitibusque
442 1952 535 2016 dictis
558 1951 796 2034 Amphimacho
819 1952 994 2034 repugnat,
1018 1948 1058 2012 ab

73 2040 206 2126 Argivis
216 2061 327 2192 paffim
337 2041 508 2124 petendam
519 2059 715 2126 magnopere
725 2039 851 2104 suadet:
867 2037 1058 2122 Polydamas
1074 2056 1099 2092 2³

71 2129 186 2194 eadem
211 2150 250 2192 su
292 2132 332 2194 et.

133 2226 137 2235 '
163 2215 347 2282 XXXVIII.
397 2217 575 2302 Postquam
607 2215 733 2280 dicendi
763 2215 837 2280 finis
868 2214 973 2279 factus
1001 2219 1060 2295 est,

148 2425 255 2494 tquid
278 2425 487 2494 Llsibilpf.
511 2424 627 2479 dariF
672 2424 692 2478 l.
715 2425 734 2478 f.
758 2425 785 2478 d.
809 2424 908 2480 Gora.
932 2424 959 2477 L
1044 2430 1060 2478 2

74 2515 124 2552 eos
148 2495 175 2550 G
197 2500 201 2564 Ι
224 2499 424 2551 commemorat
450 2497 477 2551 G
561 2503 577 2550 3
610 2495 823 2564 defensoresque
852 2495 909 2550 LG
932 2495 938 2568 Ι
960 2495 1061 2550 Troiae

72 2569 226 2624 Hectorem
244 2569 351 2621 eeteros
370 2583 420 2622 om.
439 2567 466 2620 L
486 2569 490 2634 Ι
511 2570 541 2624 et
558 2569 643 2649 natos
658 2565 685 2618 L
759 2571 859 2622 Aesse
878 2582 928 2621 ora.
947 2566 974 2619 L
1046 2575 1061 2620 5

73 2637 358 2760 remanerelrestare
387 2637 413 2692 G
500 2643 515 2692 6
539 2637 728 2720 fortrrsrmum.
744 2636 772 2689 L
792 2639 796 2706 Ι
816 2636 917 2692 fuisset
938 2636 966 2692 G
1047 2645 1061 2690 7

71 2710 196 2849 {suu
213 2707 542 2861 „annelat
561 2706 1062 2847 attttztmtentattt

76 2851 113 2905 al.
143 2849 261 2904 abstulrt
288 2849 337 2904 red
358 2851 441 2904 antur
468 2852 497 2905 et
524 2848 550 2903 G
628 2853 660 2902 ll
683 2846 789 2902 tulerat
812 2846 841 2899 L
916 2854 949 2902 12
972 2850 1063 2904 multa

73 2921 166 2976 uerba
187 2919 215 2974 G
235 2922 238 2986 Ι
258 2919 385 2974 iecerunt
407 2919 433 2974 θ
455 2920 528 2974 ande
550 2919 650 2988 scripsi
669 2920 800 3030 ‘'gfflig
825 2918 1020 2976 satisfecerunt
1036 2921 1063 2974 L

77 3050 111 3099 13
132 3043 307 3098 archimacus
325 3042 352 3095 L
367 3044 371 3109 l
388 3042 544 3098 adoliscena
562 3041 589 3094 L
661 3047 695 3097 14
717 3041 800 3130 malis
823 3041 849 3095 L
865 3044 869 3110 Ι
886 3043 1002 3098 adorsus
1020 3047 1063 3098 est

74 3169 136 3222 ant.
156 3165 182 3222 G
202 3171 206 3235 Ι
228 3125 307 3220 otior
330 3123 428 3235 quini»
450 3167 479 3220 et
502 3166 617 3235 eosqui
637 3181 695 3220 una
713 3165 957 3221 consenseruntdt
1030 3173 1062 3220 15

75 3256 224 3324 increpare
243 3255 284 3309 eis
301 3253 363 3308 LG‘
379 3256 383 3322 Ι
399 3253 493 3324 coepit
510 3255 594 3324 culpo
612 3255 727 3310 additor
746 3260 923 3324 postcomm
944 3257 948 3323 Ι
968 3269 1062 3310 eorum

76 3329 108 3380 et
121 3325 148 3380 G
227 3331 259 3380 16
283 3324 470 3381 seducendum
493 3324 519 3377 L
596 3331 629 3380 18
653 3325 824 3381 obcumbant
847 3325 873 3380 G
893 3328 897 3394 Ι
917 3324 962 3380 his
985 3324 1061 3396 LGl

71 3397 142 3464 sort
161 3395 295 3465 loquendi
313 3396 397 3450 finem
413 3398 417 3462 Ι
433 3395 545 3466 exurgit
562 3395 634 3450 lenis
648 3414 685 3450 m.
700 3396 794 3451 uerbis
809 3395 835 3451 G
904 3404 936 3452 19
956 3397 1063 3466 amphi-

76 3483 191 3522 macum
213 3465 320 3522 refutat
341 3482 440 3535 paoem
463 3471 520 3537 pet.
540 3466 576 3521 ab
594 3466 709 3522 Aona
785 3474 819 3523 20
842 3466 994 3538 persuadet
1015 3467 1060 3536 L,

72 3537 250 3607 Polydamas
269 3535 368 3592 eadem
386 3537 485 3591 suadet
503 3553 553 3591 osu.
572 3536 599 3589 L
670 3543 704 3591 22
723 3538 786 3592 finis
805 3538 859 3594 dic.
879 3537 912 3592 G.
