2424 3938
47 3778 62 3920 1

475 264 726 320 PRAEFATIO.
1013 281 1099 334 xxm

271 407 317 492 Co
341 408 389 471 dit
411 407 524 472 Daires
549 409 603 492 qui
625 429 684 492 par
705 411 756 472 tot
778 409 822 490 fu,

269 493 406 560 Milliers
430 496 469 559 de
493 517 574 580 gena
596 497 608 558 i
632 499 689 559 ont
711 496 823 578 perdo.

200 583 275 648 Alia
298 605 380 669 quae
404 606 423 648 a
446 581 566 648 Darete
588 583 684 648 modo
707 584 849 649 indicata
872 588 949 648 sunt
972 585 1097 650 abhoc

107 673 274 755 copiosius
298 674 513 755 exponuntur:
539 673 588 736 ita
610 693 683 736 curn
704 671 759 735 ille
782 673 961 739 narraverit
983 672 1027 757 (p.
1046 673 1099 756 32,

110 760 171 845 22)
197 759 394 844 „Postquam
417 761 494 824 anni
522 760 588 824 dies
616 760 705 824 venit
732 782 795 845 quo
810 760 931 826 Hector
954 761 1098 845 sepultus

110 852 162 912 est
175 848 323 912 Priamus
347 852 380 912 ct
402 847 536 913 Hecuba
559 852 592 912 et
604 847 768 932 Polyxena
791 851 950 933 ceterique
965 849 1098 914 Troiani

109 935 318 1005 adHectoris
343 936 546 1020 sepulchrum
568 936 705 1020 profecti
729 935 823 1002 sunt“
845 937 898 1000 hic
921 935 964 1021 (v.
990 937 1096 1001 17457

111 1024 282 1108 «1749OE
305 1025 441 1109 triginta
464 1030 497 1090 et
520 1025 657 1109 amplius
676 1025 822 1089 versibus
843 1025 928 1089 idem
947 1025 1099 1090 describit

110 1116 146 1176 et
161 1113 246 1196 quod
260 1113 314 1177 ille
329 1111 373 1198 (p.
387 1113 440 1196 26,
455 1111 510 1199 18)
524 1113 575 1177 his
594 1113 699 1177 verbis
713 1112 851 1198 „Hector
864 1112 1098 1197 Epistrophum

112 1199 286 1264 Schedium
314 1199 447 1266 occidit‘
479 1201 626 1285 absolvit,
658 1201 711 1266 hic
742 1224 809 1266 non
838 1201 946 1265 minus
969 1204 1098 1265 centum

108 1289 222 1352 decem
243 1289 388 1353 versibus
412 1293 553 1354 exornat.

200 1375 375 1461 Postquam
394 1377 474 1442 haec
497 1378 641 1460 exempla
664 1376 946 1459 consideravimus,
969 1397 1007 1439 ex
1030 1378 1097 1460 qui·

108 1464 174 1528 bus
188 1465 396 1548 perspicimus
412 1487 451 1529 ea
473 1487 554 1550 quae
573 1465 765 1530 Benedictus
780 1486 819 1528 ex
832 1463 950 1529 Darete
966 1485 998 1528 se
1014 1485 1098 1528 sum·

102 1552 215 1634 psisse
229 1553 345 1617 diserte
360 1553 437 1617 dicit
451 1554 535 1637 apud
548 1553 639 1617 illurn
656 1553 756 1635 aliter,
769 1553 957 1637 plerumque
971 1553 1099 1638 quidem

107 1641 239 1704 brevius
254 1641 412 1724 explicata
421 1662 500 1724 esse,
509 1643 617 1706 minus
628 1641 833 1725 offendamur,
843 1663 915 1706 cum
925 1661 1099 1726 cognosca-

104 1749 184 1790 mus
214 1729 317 1792 multa
347 1729 431 1813 apud
457 1728 610 1794 Daretem
641 1751 709 1794 non
735 1731 887 1812 inveniri,
915 1751 997 1814 quae
1024 1729 1098 1792 inde

108 1837 238 1880 sumere
262 1838 295 1880 se
319 1817 396 1881 dicit
417 1821 521 1902 poeta.
571 1817 642 1882 Hoo
673 1819 759 1882 enirn
790 1818 976 1881 testimonio
1008 1819 1098 1880 nisus

105 1904 154 1988 (v.
181 1904 285 1968 12291
316 1903 417 1990 seqq.)
445 1905 588 1990 loquitur
616 1906 654 1969 de
690 1903 877 1988 Sagittario,
911 1925 1004 1989 quem
1032 1926 1099 1968 non

107 1992 261 2076 agnoscit
283 1991 394 2075 Dares,
417 2015 445 2057 1.
474 1993 560 2058 3789
588 1993 736 2057 nominat
764 1992 975 2076 laudibusque
1008 1993 1100 2056 effert

105 2099 220 2164 regern
244 2077 373 2162 Gelidis,
407 2084 440 2144 at
469 2103 511 2144 ne
542 2080 628 2145 hune
660 2081 788 2165 quidem
811 2079 914 2144 Dares
943 2081 1099 2164 agnoscit,

104 2167 260 2233 Hectoris
271 2169 459 2233 comitatum
473 2191 547 2233 cum
560 2169 719 2234 Achillem
732 2169 851 2232 viseret
865 2167 1098 2252 amplissimum

107 2257 469 2341 splendidissimumque
492 2257 593 2322 fuisse
610 2257 705 2341 fingit
723 2255 765 2340 (v.
782 2255 913 2340 13011),
934 2256 972 2320 de
987 2279 1051 2340 qua
1064 2278 1098 2320 re

106 2344 151 2408 D.
174 2345 270 2428 plane
293 2348 388 2428 tacet,
411 2344 547 2430 denique
570 2349 606 2410 ut
628 2345 751 2430 reliqua
774 2345 921 2409 omittam
945 2341 987 2430 (1.
1011 2345 1099 2409 6204

102 2429 1099 2604 {tetiAdlidet,astitiAttdsttttttt

101 2608 276 2692 describit,
309 2609 427 2672 addens
460 2613 570 2673 tamen
596 2631 649 2693 „se
671 2609 695 2672 li
717 2610 813 2674 111111
835 2630 876 2673 ne
899 2631 959 2674 nos
982 2608 1098 2692 ment‘,

102 2717 185 2762 curn
207 2695 310 2760 Dares
333 2697 416 2760 nihil
440 2697 594 2761 eiusmodi
617 2697 743 2762 habeat.

200 2782 313 2868 Neque
331 2783 364 2848 id
386 2785 481 2850 nobis
504 2785 674 2850 mirificum
688 2785 855 2866 videbitur,
869 2786 897 2848 si
910 2784 1098 2867 respicimus

103 2872 143 2936 id
154 2871 240 2956 quod
253 2875 351 2955 poeta
366 2873 435 2958 ipse
450 2871 492 2956 (v.
505 2875 567 2938 138
589 2871 666 2957 139)
686 2872 853 2955 eloquitur,
868 2892 901 2935 se
916 2870 1099 2935 additurum

105 2981 183 3024 esse
208 2981 288 3043 quae
302 2961 384 3024 bene
408 2961 522 3026 addere
536 2962 648 3044 possit.
674 2959 778 3023 Multa
797 2963 912 3043 autem,
925 2961 962 3023 ut
976 2957 1099 3022 aridam

26 3070 30 3076 ·
106 3047 243 3112 Daretis
267 3049 429 3132 epitomen
443 3050 592 3133 expleret,
615 3071 654 3113 ex
667 3047 867 3134 geographia
880 3051 975 3131 atque
998 3047 1098 3111 histo-

100 3138 172 3218 ria,
202 3138 238 3199 ut
260 3137 430 3202 historiam
453 3139 666 3220 Amazonum,
691 3158 816 3201 summa
843 3157 916 3200 cum
942 3134 1100 3219 libertate,

100 3224 252 3288 Plinium
262 3223 658 3308 IsidorumHippocratem
669 3223 827 3289 Galerium
837 3227 964 3288 secutus
975 3223 1098 3288 adiecit.

202 3312 319 3376 Omnia
329 3335 411 3398 quae
421 3310 989 3396 mirabiliapossintvideri,D'aretem
998 3311 1099 3376 inhac

103 3421 240 3486 quoque
249 3422 283 3464 re
293 3401 439 3466 imitatus
449 3402 561 3466 abesse
570 3403 640 3465 11111
650 3398 703 3486 (cf.
713 3423 742 3465 1.
753 3399 912 3484 60111111).
921 3399 1099 3465 Homerum

98 3487 314 3573 reprehendit
337 3489 423 3574 quod
445 3489 521 3554 deos
549 3511 622 3554 oum
644 3489 828 3553 hominibus
851 3488 936 3552 bella
959 3488 1098 3572 gessisse

101 3577 299 3660 narraverit,
332 3577 470 3661 deosque
503 3600 523 3641 a
550 3599 608 3641 suo
637 3577 777 3641 carmine
801 3575 952 3657 excludit,
987 3578 1099 3638 tamen
