2416 3944
283 221 285 224 '
342 215 453 267 BELLI
472 215 622 299 recolam
640 217 710 267 LIB.
728 218 779 271 111.
1004 215 1044 281 57

78 365 238 430 exercitus
260 365 380 430 cadunt
400 365 532 450 plurimi
559 387 663 451 neque
691 366 823 431 fortuna
844 366 922 431 belli
944 370 1046 432 muta-

77 455 140 514 tur.
186 450 242 516 sed
268 453 440 534 postquam
468 451 560 516 miles
593 473 651 534 per
679 452 816 516 multum
849 450 933 515 diem
959 452 1045 516 bello

77 534 224 599 intentus
245 536 349 620 magis
371 535 538 620 magisque
565 535 762 621 fatigabatur
790 540 822 599 et
849 535 912 600 diei
933 558 1047 619 vesper

78 622 162 702 erat,
185 619 330 703 utrinque
353 621 555 704 cupientibus
577 641 689 706 pugna
711 621 883 685 decessum.
914 701 915 706 ἵ

162 701 219 768 ΙΧ.
256 703 339 768 Tum
366 705 452 788 apud
473 704 603 769 Troiam
632 705 716 770 circa
738 703 932 789 Sarpedonis
955 703 1070 769 cada-⁵

78 809 134 852 ver
157 789 280 852 cunctis
308 789 500 854 deflentibus
528 811 564 854 ao
609 790 756 873 raecipue
783 790 928 872 seminia,
957 790 1046 854 luctu
1108 850 1112 871 ,

78 876 175 956 atque
204 873 327 958 gemitu
355 874 465 938 omnia
493 812 654 958 compieta
680 879 770 958 sunt,
801 875 873 972 quis
900 896 968 938 non
990 873 1046 938 alii

79 979 172 1022 casus
205 959 417 1040 acerbissimi,
458 958 497 1022 de
537 959 669 1024 interitu
702 959 937 1024 Priamidarum
969 980 1045 1042 prae

78 1041 236 1106 desiderio
259 1043 326 1106 eius
353 1042 442 1107 cordi
464 1043 657 1108 insederant.
701 1045 828 1108 tautum
856 1045 892 1108 in
914 1049 958 1108 eo'
975 1044 1045 1108 viro

77 1126 273 1210 praesidium
303 1131 336 1191 et
361 1129 532 1192 interfecto
555 1151 627 1212 spes
649 1128 756 1193 ablata
777 1129 974 1193 credebatur.
1012 1132 1046 1192 at
1058 1148 1084 1186 10

79 1210 194 1275 Graeci
215 1210 251 1274 in
273 1215 377 1276 castra
397 1213 534 1298 regressi
555 1213 695 1296 primum
718 1213 863 1277 omnium
884 1212 1046 1276 Achillem

78 1296 225 1360 revisunt
246 1317 382 1380 eumque
405 1296 443 1361 de
458 1298 590 1362 vulnere
608 1298 798 1380 percontati,
821 1296 878 1361 ubi
899 1297 968 1360 sine
992 1296 1046 1360 do·

77 1380 147 1444 lore
212 1401 265 1444 ere
287 1381 408 1469 vident,
430 1381 507 1446 laeti
530 1382 570 1446 ad
591 1385 790 1465 postremum
810 1401 941 1444 narrare
964 1380 1045 1444 occi-

77 1465 175 1548 piunt
223 1466 338 1530 atrocli
364 1465 450 1530 facta
476 1466 590 1549 fortia,
618 1466 693 1530 dein
713 1465 871 1550 reliques,
900 1465 956 1548 qui
977 1464 1045 1529 rul-

77 1549 184 1613 nerati
206 1553 307 1633 crant,
329 1571 387 1632 per
409 1550 554 1616 ordinem
577 1551 790 1615 circumeunt:
817 1551 864 1614 ita
886 1549 1083 1633 inspecta-15

77 1633 121 1697 tis
150 1633 298 1698 omnibus
338 1634 378 1698 ad
412 1636 553 1700 tentoria
592 1657 650 1699 sua
689 1636 824 1720 quisque
857 1633 1044 1720 digreditur.

78 1718 209 1782 interim
231 1717 375 1782 Achilles
396 1741 577 1805 regressum
591 1720 778 1784 Patroclum
802 1719 955 1783 extollere
978 1719 1045 1782 lau-

79 1802 190 1886 dibus,
218 1801 293 1866 dein
314 1823 462 1887 monera
490 1805 539 1868 uti
569 1804 693 1888 reliquo
724 1825 851 1888 quoque
873 1804 959 1868 bello
982 1825 1046 1868 me-

78 1908 151 1951 mor
171 1908 288 1970 rerum,
311 1909 390 1971 quas
403 1893 563 2035 tgesserat,
586 1889 733 1954 hostibus
754 1888 976 1952 vehementius
998 1887 1045 1952 in-

79 1975 217 2056 grueret.
263 1972 325 2036 hoc
347 1993 400 2036 mc
424 1994 442 2037 o
465 1995 535 2052 nor¹
554 1974 761 2038 consumitur.
799 1976 833 2036 at
854 1971 936 2036 lucis
958 1973 1045 2054 prin·
1058 1989 1085 2029 20

79 2056 164 2204 tid
176 2077 470 2223 siliihidwdlm
486 2056 1046 2223 hithhamahti-«itti

79 2224 241 2288 vulnerati
264 2164 508 2310 convalueranh,
531 2165 621 2291 adma
643 2225 791 2310 expedire
813 2227 846 2289 et
867 2225 1044 2309 producere

77 2309 216 2374 militem
236 2309 351 2392 placet.

164 2392 204 2458 X.
248 2391 310 2459 sed
337 2393 465 2460 barbari
492 2417 581 2460 more
607 2395 746 2479 pessimo
780 2415 839 2458 nec
873 2395 1045 2477 quicquam
1058 2410 1084 2450 25

79 2479 313 2561 compositum,
341 2479 425 2543 nihil
452 2479 539 2543 aliud
572 2501 667 2564 quam
696 2480 825 2543 turbata
846 2482 942 2561 atquc
970 2478 1047 2542 insi·

79 2563 181 2660 diosa·
198 2563 363 2647 cupientes
403 2563 486 2628 clam
519 2567 615 2648 atque
654 2567 728 2628 ante
768 2568 894 2661 tempus
928 2561 1047 2647 egressi

78 2647 253 2797 {tilla
268 2651 485 2797 abluti·
499 2651 662 2798 simutiqii
683 2647 1046 2798 diffinitatis

77 2817 183 2882 iciunt
197 2838 370 2882 semermos
385 2817 481 2882 etiam
498 2821 567 2882 tum
584 2819 680 2901 atque
694 2816 939 2899 incompositos·
962 2816 1046 2879 caesi
1058 2832 1084 2872 ac

78 2902 187 2986 itaque
214 2906 401 2967 nostrorum
428 2901 537 2986 multi,
570 2902 606 2965 in
634 2902 705 2985 quis
733 2899 916 2965 Arcesilaus
944 2898 1047 2964 Boeo-

78 2986 144 3050 tius
167 2989 200 3051 et
222 2983 377 3051 Schedius
399 2983 615 3052 Orissoeorum
636 2990 771 3070 uterque
793 2985 888 3048 duces
916 2984 1046 3068 optimi:

78 3073 220 3134 ceterum
248 3071 418 3136 vulnerata
452 3092 527 3155 pars
559 3071 714 3155 maxima,
743 3069 853 3150 Meges
887 3069 984 3133 etiarn
1013 3073 1046 3133 et

148 3293 164 3344 8
182 3308 218 3343 ne
241 3294 372 3344 interitus
391 3293 500 3359 quidem
519 3294 544 3343 P
611 3295 626 3344 9
642 3293 707 3344 uiuo
727 3292 865 3343 Obrecttue
883 3297 908 3340 et
926 3291 1048 3342 Andreas

78 3361 207 3411 Ducarius
286 3365 320 3414 30
338 3376 367 3412 se
391 3376 512 3412 emersos
531 3361 579 3412 OB
621 3363 780 3412 semiermes
798 3360 824 3408 P
845 3365 957 3409 nostrum
975 3358 1048 3409 Mer-

79 3443 155 3478 eerur
207 3431 239 3480 31
259 3429 434 3480 archesilaus
454 3429 501 3480 cB
558 3431 590 3478 32
609 3428 773 3480 seaediusG
807 3426 915 3476 soedius
933 3424 1048 3488 Bltre-

78 3509 189 3547 aeorum
210 3496 258 3546 GB
293 3511 449 3548 craecorum
467 3497 493 3546 P
526 3497 713 3547 Orissaeorum
737 3495 872 3546 Mercerur
940 3496 972 3544 33
990 3507 1047 3542 mes

80 3563 130 3614 ΕΒ
165 3564 282 3615 Ameeec
300 3565 325 3614 P
357 3566 453 3628 Meges
472 3565 534 3616 adit.
557 3565 647 3616 Venet.
665 3565 741 3614 1499.
