2424 3938
148 213 220 260 xnn
517 192 767 248 enarrarre

150 337 287 420 denique
311 338 395 421 apud
417 338 508 402 illum
531 360 559 401 v.
583 338 694 402 20770
716 333 768 422 (of.
792 335 917 420 21678)

307 426 419 509 „amo“
443 427 500 490 daz
524 429 606 490 wort
629 448 663 489 er
681 424 772 488 dicke
797 425 923 508 schreip

308 515 368 578 mit
390 517 473 578 wine
496 514 579 580 luter
601 513 686 578 unde
709 512 809 577 frisch
910 559 913 564 .

308 602 359 666 fur
382 603 432 666 die
455 603 500 666 vil
523 603 630 667 claren
653 601 691 664 of
711 601 773 664 den
795 601 880 666 tisch

149 690 232 773 apud
262 690 347 754 hunc
376 690 424 754 IV
458 693 497 755 ll
523 690 703 754 Alexander
729 689 821 752 Faria
852 689 1016 754 scribebat
1038 693 1129 756 rubro

147 778 223 841 vino
245 779 281 860 in
304 779 377 844 albo
402 779 529 843 sudario
544 779 637 843 etita
650 779 852 862 loquebatur:
876 776 1003 842 Helena
1016 781 1132 864 regina,

148 887 221 930 ama
244 889 304 950 me,
326 867 442 931 amabo
465 871 506 930 te,
809 899 812 902 ·

237 954 324 1031 Quae
347 955 442 1019 modo
466 956 633 1020 attulimus
658 955 804 1040 quamvis
828 954 986 1019 eiusmodi
1005 957 1078 1041 sint,
1097 962 1131 1020 ut

146 1042 220 1106 inde
236 1043 391 1127 suspicari
413 1043 509 1107 liceat
522 1048 686 1108 auctorem
701 1064 717 1106 e
731 1042 820 1106 fonte
835 1043 975 1127 quodam
993 1044 1124 1108 fortasse

145 1130 244 1193 latine
269 1133 388 1214 scripto
411 1131 565 1214 hausisse,
589 1133 679 1196 ouius
702 1135 813 1196 auctor
834 1153 902 1208 11011Ι
920 1132 1052 1216 ignarus
1075 1133 1131 1196 fuit

145 1218 326 1283 litterarum
358 1217 593 1303 Romanarum,
630 1242 669 1284 ex
706 1219 777 1284 aliis
808 1219 901 1283 facile
934 1221 1131 1303 comprobari

145 1312 252 1390 potest
283 1329 356 1372 eum
393 1310 569 1391 posteriore
605 1314 749 1392 tempore
785 1307 903 1372 vixisse
940 1312 1037 1393 atque
1073 1310 1132 1373 reri

144 1395 239 1460 huius
262 1397 416 1481 temporis
439 1397 574 1481 fabulas,
597 1398 713 1480 quibus
736 1400 805 1460 tum
827 1396 976 1460 homines
999 1397 1132 1462 delecta·

143 1483 271 1566 bantur,
295 1486 491 1570 adhibuisse„
530 1484 661 1549 Etenim
684 1485 776 1550 Paris
799 1507 872 1549 cum
896 1485 937 1548 ad
954 1485 1132 1550 Menelaum

144 1571 297 1656 venisset,
324 1575 416 1638 dixit:
445 1573 506 1658 (IV
525 1571 565 1659 3)
589 1597 608 1638 0
632 1575 760 1638 domine
783 1596 838 1637 1011
845 1625 853 1656 ,
867 1569 959 1638 ¹sciat
981 1575 1129 1637 maiestas

145 1663 203 1722 tua
225 1683 276 1724 1110
299 1683 365 1726 11011
388 1663 513 1727 venisse
538 1663 691 1726 servitum
714 1663 775 1726 tibi
797 1665 929 1746 propter
944 1684 1058 1725 aurum
1077 1666 1130 1725 aut

145 1752 314 1832 argentum
347 1753 403 1814 aut
434 1755 566 1835 propter
599 1751 662 1814 alia
693 1751 792 1835 bona,
829 1751 885 1815 sed
916 1754 953 1813 ut
984 1750 1130 1833 viderem,

144 1837 252 1919 qualia
282 1839 348 1902 sint
377 1840 523 1903 convivia
552 1839 587 1903 in
615 1842 673 1902 tua
702 1840 783 1903 aula.
814 1877 856 1884 -
891 1839 929 1902 de
965 1838 1132 1924 Iphigenia

143 1924 205 1989 hoc
227 1930 395 1991 narratum
418 1931 468 1992 est
489 1927 521 1992 V
544 1928 587 1991 64
618 1931 673 2011 „et
700 1950 799 2012 quum
822 1930 907 1991 esset
929 1949 1037 2010 mane,
1067 1928 1131 1990 ine-

143 2013 330 2079 briaverunt
353 2036 424 2080 eam
446 2016 531 2099 vino,
555 2019 587 2080 et
610 2017 797 2099 sopiverunt
810 2015 1079 2100 etreliquerunt“.
1092 2053 1131 2062 —

143 2101 234 2166 Paris
258 2104 336 2168 dicit
357 2104 461 2170 tribus
484 2105 613 2188 deabus,
637 2126 772 2188 quarum
786 2105 825 2168 de
843 2104 1080 2187 pulchritudine
1102 2104 1130 2166 ei

143 2190 348 2256 iudicandum
372 2197 440 2256 erat
463 2192 508 2276 (Il
532 2191 602 2277 58):
635 2194 685 2256 ite
702 2193 860 2275 dominae,
883 2196 916 2256 et
938 2193 1043 2256 exuite
1065 2215 1131 2256 vos.

144 2315 185 2323 —
209 2277 348 2345 Hectore
375 2281 543 2345 interfecto
571 2281 718 2346 Priamus
745 2281 919 2346 humilibus
948 2285 980 2344 et
1008 2280 1131 2344 detritis

141 2367 283 2433 vestibus
306 2363 437 2433 indutus
455 2370 674 2455 citharamque
691 2370 814 2434 habeus
841 2369 903 2454 (IX
916 2368 973 2456 52)
987 2373 1133 2454 peccator

142 2458 176 2517 et
197 2459 385 2541 peregrinus
410 2458 451 2522 ad
475 2457 632 2522 Achillem
654 2458 816 2542 profectus
840 2462 899 2523 est.

233 2542 315 2609 Sunt
329 2550 445 2629 autem,
468 2547 531 2610 nisi
545 2547 649 2631 fallor,
672 2549 810 2632 vestigia
823 2549 980 2632 quaedam
995 2549 1128 2634 duplicis

143 2634 356 2718 recensionis,
395 2635 511 2719 prioris
554 2639 649 2720 atque
689 2637 896 2722 posterioria,
944 2660 1025 2724 quae
1065 2659 1130 2702 11011

143 2721 277 2811 omitto,
308 2723 453 2807 quamvis
481 2745 582 2788 unum
620 2725 794 2790 alterumve
832 2727 952 2790 nimiae
991 2726 1128 2790 auctoris
1194 2783 1195 2786 ,

32 2843 33 2847 =
142 2810 365 2896 neglegentiae
397 2812 496 2876 tribui
532 2835 627 2896 posse
663 2836 730 2878 11011
766 2815 960 2900 negaverim.
1017 2815 1128 2898 Itaque

130 2900 297 2982 'scriptum
320 2905 369 2964 est
387 2899 434 2965 Ν
448 2900 491 2965 50
513 2902 625 2984 „troici
647 2902 761 2967 heroes
785 2907 817 2967 et
838 2904 960 2968 troicae
983 2904 1129 2969 dominae

140 2987 313 3051 noluerunt
343 2990 371 3052 ei
402 2989 531 3054 obviam
561 2991 659 3074 exire,
695 2992 802 3056 nullus
832 2992 941 3075 heros,
973 2980 1080 3056 nullus
1114 3012 1129 3052 0

143 3077 260 3140 servis“
283 3080 316 3141 et
337 3079 446 3160 paullo
469 3082 556 3160 post:
578 3083 630 3161 „et
653 3080 732 3144 exiit
753 3081 783 3144 ei
806 3081 935 3146 obviam
957 3085 1049 3165 pater
1063 3081 1129 3144 eius

140 3161 193 3228 Pr.
220 3168 333 3229 reret
359 3166 488 3230 mater“.
513 3203 555 3212 -
584 3167 614 3231 V
640 3168 680 3232 12
703 3167 891 3234 Palamedes
916 3174 1000 3255 orat,
1031 3172 1068 3234 ut
1090 3167 1129 3231 ad

141 3249 268 3317 Ulixem
291 3254 452 3319 insaniam
475 3255 681 3320 simulantem
704 3259 852 3322 mittatur
883 3262 934 3344 „et
955 3280 1048 3344 reges
1070 3257 1126 3320 mi-

143 3345 253 3402 senmt
289 3340 390 3423 Ajalrs
424 3341 633 3407 Solomonib“.
667 3382 708 3390 -
742 3346 773 3411 V
805 3348 850 3414 21
884 3347 1019 3432 „aderat
1052 3363 1125 3408 vero

141 3423 238 3486 etiam
264 3424 387 3490 Aoilees
416 3429 530 3493 fortior
557 3451 654 3514 quam
686 3455 796 3498 omnes
827 3433 954 3519 Graeci,
985 3433 1123 3500 Ferelesi

15 3511 89 3523 Μ
140 3508 243 3570 filius“
269 3514 413 3592 pergitur
440 3520 491 3598 „et
517 3517 622 3582 induit
650 3522 838 3587 muliebrem
861 3527 983 3588 vestem
1006 3527 1037 3588 et
1060 3540 1121 3584 am-
