2416 3944
333 222 446 274 BELLI
461 221 613 276 TROIANI
628 223 701 276 LIB.
720 223 768 276 IV.
994 223 1035 287 73

68 371 144 436 telis
166 371 239 436 aliis
260 371 296 435 in
317 371 416 435 alium
430 370 561 437 modum
583 372 731 437 formatis
753 376 916 437 scutorum
939 374 1036 437 etiam
1167 397 1172 402 ·

68 460 102 520 et
123 455 290 540 galearum
317 455 509 521 multiformi
536 457 641 540 speeie
669 456 862 522 horrendam
890 457 968 522 belli
989 458 1035 522 fa·
1111 540 1113 543 .

69 542 152 605 ciem
173 541 401 625 praebuerunt.
438 544 472 604 at
494 540 550 605 ubi
570 540 640 605 triti
662 540 875 624 aliquot-dies
897 544 930 606 et
943 542 1035 607 miles
1084 546 1088 554 '

67 624 190 689 bellum
212 624 310 708 eupit,
334 624 430 688 simul
452 646 525 688 oum
546 624 617 689 luce
636 626 792 691 exereitus
815 626 919 691 omnis
941 626 1035 710 signo

68 708 144 773 dato
167 709 203 772 in
223 709 383 792 proelium
405 709 532 774 ducitur
553 729 688 793 eumque
711 711 762 774 his
777 711 909 776 Troiani
931 711 1060 794 etquis

68 794 155 856 intra
183 794 313 858 moenia
345 793 424 858 socii
451 793 589 858 fuerent.
639 797 673 858 at
706 799 820 859 eontra
846 795 961 860 Graeci
988 796 1036 859 in-

67 877 183 942 struoti
209 899 268 962 pro
295 881 441 961 tempore
474 878 611 961 operiri,
646 877 806 944 debilitati
834 879 1036 964 aliquantum

69 963 197 1026 animos
218 965 307 1026 metu
329 962 470 1047 ingentis
492 965 589 1046 atque
611 962 770 1048 incogniti
784 963 897 1029 hostis.
935 964 1037 1049 igitur

68 1046 124 1110 ubi
147 1047 235 1110 intra
254 1046 314 1111 teli
335 1047 455 1110 iactum
476 1050 610 1111 ventum
632 1051 695 1131 est,
717 1050 787 1112 tum
809 1070 886 1113 vero
907 1048 1036 1112 barbari

68 1129 209 1195 elamore
231 1131 357 1216 ingenti
375 1151 412 1194 ao
427 1129 556 1196 dissono
578 1132 690 1196 ruinae
713 1132 748 1196 in
762 1132 894 1197 modum
915 1133 1074 1197 inrum-10

67 1218 166 1362 punt,
196 1216 299 1279 nostri
321 1215 503 1280 confirmati
530 1216 616 1280 inter
644 1238 677 1281 se
705 1217 782 1281 satis
810 1217 947 1303 impigre
970 1217 1036 1281 vim
1104 1248 1108 1253 ⁴

93 1299 215 1363 ostium
242 1302 469 1364 sustentavero.
521 1301 576 1364 sed
602 1304 773 1384 postquam
799 1301 883 1365 aoies
904 1321 1053 1366 renova·

68 1387 122 1446 tae
145 1386 243 1464 atque
265 1384 301 1448 in
323 1383 469 1448 ordinem
494 1384 687 1449 reformatae
714 1388 791 1449 sunt
817 1389 850 1450 et
875 1385 937 1449 iaoi
959 1385 1036 1449 hino

69 1472 169 1550 atque
191 1467 266 1532 inde
287 1468 353 1532 tela
374 1489 521 1552 coepere,
551 1467 670 1533 eadunt
691 1469 856 1552 utriusque
879 1469 1035 1534 exereitus

66 1551 212 1636 plurimi,
234 1573 340 1638 neque
354 1553 428 1617 finis
449 1553 496 1636 fit,
519 1553 626 1636 quoad
640 1551 795 1618 Memnon
811 1575 905 1618 ourru
925 1557 1035 1618 vectus
1048 1569 1075 1609 1⁵

66 1635 215 1700 adhibito
244 1657 352 1701 seeum
377 1636 554 1702 fortissimo
589 1659 716 1721 quoque
743 1638 866 1703 medios
900 1638 1036 1703 Graeco-

66 1741 140 1784 rum
161 1719 301 1807 invadit‚
324 1721 464 1805 primum
509 1742 645 1805 uemque
667 1721 798 1787 obvium
819 1722 959 1787 fundens
982 1725 1036 1786 aut

66 1803 250 1871 debilitans.
305 1805 352 1870 ite
384 1806 448 1870 iam
473 1743 620 1889 plurimis
647 1808 832 1871 nostrorum
858 1806 1036 1871 interfectis

67 1888 180 1972 dunen,
207 1890 264 1954 ubi
290 1889 423 1956 fortuna
450 1889 527 1954 belli
555 1911 665 1955 eversa
689 1912 794 1974 neque
817 1911 889 1975 spes
911 1891 1035 1989 reliqua

66 1973 130 2037 nisi
160 1972 197 2038 in
223 1973 303 2058 fuga
329 1977 393 2058 est,
422 1974 590 2038 victoriam
616 1995 808 2040 concessere.
853 1996 891 2040 eo
915 1975 972 2039 die*
987 1975 1035 2038 in·
1048 1990 1075 2030 20

68 2074 186 2122 aeneae
208 2057 394 2144 deletaeque
415 2079 514 2122 naves
537 2080 647 2122 omnes
668 2058 795 2142 forent,
822 2059 858 2122 ni
879 2079 945 2123 nox
965 2079 1036 2142 per-

66 2141 196 2226 fugium
229 2143 445 2208 laborantium
483 2143 733 2228 ingruentesque
768 2141 877 2207 hostes
910 2142 950 2207 ab
989 2143 1037 2207 in-

69 2229 166 2324 cepto
195 2227 405 2292 cohibuisset:
422 2231 525 2326 'tanta
551 2228 584 2291 in
614 2226 788 2292 Memnone
814 2226 958 2292 bellandi
986 2227 1036 2292 vis

67 2310 714 2493 peniffueIgiuMsgidedivbMqudM·
730 2396 856 2480 requies
878 2400 941 2479 est,
964 2377 1073 2494 per-2⁵

69 2478 152 2542 oulsl
174 2478 316 2544 interae
337 2501 375 2544 ae
397 2501 541 2544 summae
561 2501 668 2544 rerum
684 2479 865 2545 d1ifidentes
886 2502 946 2564 per
966 2503 1037 2544 um·

66 2583 194 2626 versam
222 2567 351 2629 noctem
378 2585 459 2650 quos
486 2565 522 2628 in
543 2564 629 2628 bello
651 2565 824 2629 amiserant
851 2585 884 2629 se
908 2564 1036 2630 elivere.

68 2645 144 2710 dein
167 2647 338 2714 eonsilium
366 2648 469 2714 futuri
491 2648 675 2714 certaminis
702 2649 871 2714 adversum
928 2649 1060 2714 omno-¹

66 2751 142 2796 nem
165 2731 295 2798 ineunt:
317 2754 354 2798 ao
375 2733 481 2816 plaeet
502 2737 588 2798 sorte
610 2733 688 2818 eligi
707 2754 827 2799 nomen
849 2733 938 2798 ducis
963 2755 1035 2798 oum

68 2836 105 2880 eo
135 2816 297 2882 bellaturi.
347 2821 425 2882 tuno
446 2818 674 2902 Agamemnon
696 2816 879 2882 Menelaum
905 2817 1033 2900 exeipit,
1047 2832 1074 2871 ³0

67 2897 204 2984 Ulixen,
236 2901 460 2968 Idomeneum:
496 2901 694 2987 reliquorum
728 2922 796 2967 sors
836 2901 889 2986 agi
923 2904 1037 2984 coepta

66 2983 202 3050 Aiacem
224 2985 448 3051 Telamonium
477 2986 560 3051 votis
584 2986 728 3050 omnium
757 2985 877 3070 deligit.
922 2985 968 3050 ita
989 3005 1037 3050 re-

66 3067 161 3134 fectis
189 3069 262 3136 oibo
290 3070 479 3156 corporibus
507 3071 669 3154 reliquum
697 3071 802 3135 noetis
817 3091 904 3134 -oum
929 3069 1036 3153 quiete

66 3153 262 3239 transigunt.
306 3159 358 3220 at‘
374 3154 455 3220 lueis
482 3154 643 3238 principio
677 3155 792 3220 armati
825 3153 1037 3238 instructique

68 3326 273 3338 *-

135 3428 152 3476 3
174 3405 364 3492 praebuerunt
386 3443 432 3480 nos
458 3430 619 3494 scripsimus,
648 3428 708 3479 ueri
733 3426 825 3477 babent
850 3424 1037 3490 praebuerant

65 3493 265 3558 Snigentied
318 3497 350 3546 18
368 3495 500 3560 primisd
552 3499 684 3547 reuersa
705 3495 734 3545 V
781 3496 813 3544 22
831 3493 993 3558 ingruentes
1011 3489 1037 3538 B

64 3562 99 3610 31
112 3559 277 3613 idomeneus
296 3563 345 3614 dB
362 3579 432 3616 corr.
454 3565 480 3614 V
