2416 3944
168 182 211 245 44
479 177 610 231 meurs
629 177 830 230 crassusls

169 333 293 413 impetu
307 349 471 426 repressus
493 331 550 425 est.
574 327 696 424 ‘igitur‘
708 327 749 390 ab
770 327 891 390 nostris
906 326 1046 392 clamne
1067 333 1143 395 orto
1201 316 1205 344 ¹

134 399 151 430 '
169 415 328 497 simulque
350 435 423 478 oum
444 434 494 476 rra
514 411 774 496 mdrgnantrbus,
797 411 885 494 quod
906 409 1030 477 duobus
1053 435 1145 480 seor-

169 521 240 563 sum
268 497 437 563 edrersum
470 518 504 560 se
537 495 651 579 hisque
678 495 832 578 maxime,
862 516 999 580 quorum
1033 500 1145 582 gratia

168 583 290 648 bellum
325 582 499 647 conflatum
536 583 633 662 esset,
670 579 914 644 decernentibus
950 586 1087 664 repente
1125 609 1144 648 e

145 668 320 733 eTroianis
342 666 481 750 pessimo
496 685 586 728 more
607 662 873 747 intercederem,
895 687 1006 730 rursus
1023 667 1145 750 globus
1205 689 1206 728 1

169 753 379 818 barbarorum
401 750 557 846 ingruens
578 747 796 812 Alexandrum
819 770 836 813 e
858 749 964 813 medio
988 752 1086 834 rapit.

254 834 339 900 XLI.
380 833 516 898 Interim
543 855 579 898 1n
607 854 645 896 ea
671 833 901 916 permixtione,
929 833 1007 898 dum
1036 837 1146 901 nostri

169 917 535 1016 haesitant,Panden1s
561 917 674 1000 procul
702 916 831 1014 adstans
857 917 978 1015 multos
1001 917 1144 986 Graeco-

134 1001 1145 1172 10berdberttttrbbrzztrtslttbtffi

171 1194 233 1237 nus
255 1171 321 1236 telo
343 1171 470 1236 hostem
491 1173 718 1254 prosterneret
762 1169 825 1234 hoc
852 1170 950 1236 modo
972 1172 1145 1238 Pandarus

172 1256 356 1323 certaminis
384 1254 513 1320 foedere
544 1255 664 1320 violato
693 1257 789 1337 atque
817 1255 858 1318 ob
880 1255 914 1319 id
935 1256 1147 1342 interemptis

171 1342 284 1407 multis
305 1341 345 1405 ed
367 1344 565 1424 postremum
592 1360 713 1422 poenes
741 1338 982 1404 scelestissimae
1004 1342 1145 1407 militiae
1205 1411 1206 1414 ,

171 1427 243 1491 luit.
287 1429 427 1489 ceterum
455 1447 571 1508 eorpus
599 1424 667 1488 eius
694 1423 865 1488 liberatum
894 1446 933 1488 ex
962 1426 1031 1490 acie
1052 1425 1147 1492 Pria·

134 1530 159 1570 1⁵
171 1509 276 1574 midae
297 1510 368 1594 igni
390 1513 548 1574 cremant:
575 1508 790 1592 reliquiasque
818 1508 897 1572 socii
921 1509 1058 1574 traditas
1080 1513 1145 1576 sibi

113 1609 117 1615 ’
171 1594 304 1677 Lyciam
325 1594 361 1656 in
383 1592 487 1657 solum
502 1593 643 1676 patrium
665 1593 834 1675 pertulere.
869 1593 1001 1664 interim
1023 1596 1145 1660 utrius-

172 1699 234 1762 que
258 1677 425 1742 exercitus·
446 1676 540 1761 signo
562 1676 637 1741 dato
663 1697 777 1741 manus
800 1682 974 1744 conserunt
994 1700 1147 1764 pugnan-

171 1767 284 1846 tesque
305 1762 339 1825 vi
360 1783 486 1826 summe
514 1764 610 1844 atque
637 1760 771 1844 ancipiti
798 1761 930 1827 fortuna
956 1763 1080 1828 bellurn
1105 1765 1148 1828 ad

173 1867 320 1912 occasum
347 1845 424 1910 solis
451 1845 643 1929 producunt.
688 1845 743 1910 sed
771 1846 826 1910 ubi
847 1868 914 1910 nox
935 1846 1145 1933 adventabat,

129 1939 159 1991 ‘eo
172 1932 333 2016 utrimque
361 1951 453 2016 reges
480 1929 636 1995 subducta
661 1929 749 1994 hand
780 1930 878 2018 longe
907 1932 974 1996 acie
1004 1934 1148 1998 custodi·

171 2017 231 2082 bus
253 2016 377 2082 idoneis
400 2015 557 2080 exercitus
579 2015 826 2080 communivere.
863 2015 910 2079 ita
930 2037 990 2099 per
1018 2017 1148 2101 aliquot

172 2102 239 2172 dies
266 2107 331 2167 tem
355 2123 393 2165 us
425 2099 567 2164 bellandi
606 2099 787 2183 operientes
820 2099 957 2164 militem
992 2101 1148 2185 f1equen-

171 2191 238 2252 tem
260 2124 353 2269 apud
367 2206 457 2249 arma
477 2183 598 2248 frustra
613 2184 763 2248 habuere.
800 2205 940 2268 namque
962 2187 1021 2250 ubi
1037 2186 1146 2252 hiems

172 2270 344 2336 adventare
360 2272 393 2332 et
406 2267 562 2332 imbribus
578 2267 696 2332 crebris
708 2267 862 2352 compleri
877 2289 1011 2352 coepere
1026 2274 1146 2356 campi,
1205 2335 1206 2340 ,

134 2376 159 2418 ss
172 2354 300 2420 barbari
322 2354 409 2418 intra
429 2374 538 2418 muros
561 2353 689 2417 abeunt.
734 2356 769 2416 at
788 2353 893 2417 nostri
919 2353 1012 2419 nullo
1034 2356 1147 2438 palam

171 2441 266 2506 hoste
299 2437 434 2524 digressi
466 2436 507 2501 ad
538 2459 635 2502 naves
667 2437 779 2501 munia
816 2436 931 2501 hiemis
964 2438 1148 2522 disponunt

172 2545 312 2606 moxque
333 2522 487 2607 bipertito
510 2543 640 2606 campo,
669 2521 725 2605 qui
752 2521 904 2619 reliquus·
922 2543 990 2620 non
1011 2545 1145 2608 pugnae

172 2609 1146 2788 eruere>assequeremur

134 2777 410 2844 eo‘interim·Aiax
431 2713 637 2840 lenmomus
656 2775 951 2872 instructomrhte,
978 2798 1077 2859 quem
1100 2801 1147 2842 se·

173 2885 245 2929 cum
267 2861 452 2944 adduxerat,
475 2860 597 2926 habens
620 2863 717 2922 etiarn
738 2859 914 2924 nonnullos
937 2860 976 2924 de
999 2863 1147 2926 exercitu

172 2945 326 3029 Achillis,
355 2946 519 3030 ingressus
540 2943 702 3028 Phrygiae
729 2945 896 3029 regionem
917 2944 1021 3009 multa
1041 2945 1148 3011 hosti-

159 3030 247 3104 ,liter
261 3033 375 3112 vastat,
392 3030 478 3113 capit
496 3028 650 3108 civitates,
667 3050 704 3093 ec
718 3033 792 3111 post
807 3049 926 3112 paucos
940 3028 1008 3094 dies
1023 3029 1148 3112 praeda

173 3119 285 3180 auctus
308 3113 348 3178 ad
370 3113 545 3178 exercitum
567 3113 671 3177 victor
692 3114 826 3178 revenit.

134 3219 160 3260 ee
257 3197 360 3264 XLII.
403 3197 508 3263 Isdem
540 3197 608 3261 fere
638 3197 749 3262 diebus
784 3197 913 3262 barbari
939 3199 1061 3263 nostris
1088 3221 1149 3284 per

172 3328 376 3340 .-.-—--

241 3388 310 3438 bde
330 3389 417 3439 Geed
435 3389 511 3438 litera
529 3386 545 3436 d
563 3403 640 3437 erasa
704 3388 737 3438 23
756 3386 829 3452 apud
847 3387 1017 3440 om.(1'corr.
1035 3389 1061 3437 V
1078 3388 1148 3438 inB

174 3455 420 3572 ffagequrgrnusd
488 3457 521 3505 29
539 3469 639 3519 perere
658 3469 704 3507 om.
726 3454 755 3508 G.
773 3454 848 3505 babet
864 3472 890 3520 9.
960 3454 1100 3506 scissem
1123 3456 1151 3505 V
