2414 3946
417 218 671 274 PRAEFATIO.
979 243 1038 288 XIX

47 385 177 428 carmen
207 364 245 427 de
274 363 359 428 bello
391 361 531 427 Troiano
567 363 651 427 circa
680 385 707 426 a.
740 363 825 428 1185
855 365 984 448 scripsit
1007 371 1050 430 et

45 453 206 517 Balduino
222 449 448 517 Oantuariensi
463 450 703 534 archiepiscopo
718 451 884 516 dedicavit.
921 452 1037 529 Quem-

45 541 220 605 admodum
247 561 314 603 non
337 533 519 621 defuerunt,
553 542 591 603 ut
618 561 715 622 supra
741 562 772 623 p.
795 539 873 604 XVI
901 563 1037 606 comme-

45 629 256 711 moravimus,
288 628 343 712 qui
374 627 460 691 hunc
492 647 562 692 esse
592 628 711 692 librum
741 629 970 713 existimarent,
998 653 1036 694 ex

43 740 108 802 quo
132 719 243 781 noster
260 715 363 782 Dares
386 718 553 800 excerptus
577 720 675 798 esset,
691 717 751 780 111
774 718 871 781 etiam
893 719 928 782 in
952 739 1036 783 com-

42 806 192 888 pluribus
220 802 445 890 editionibusl)
474 825 555 888 quae
582 805 618 868 in
646 803 821 885 Germania
848 806 1037 890 prodierunt

43 893 196 959 Cornelio
224 891 345 976 Nepoti
376 892 431 977 qui
459 891 612 956 Daretem
640 891 798 958 Graecum
824 894 860 957 in
889 894 1035 980 linguam
1104 922 1107 929 ·

41 981 509 1064 Latinamvertisseferebatur,
519 981 694 1046 attributus
707 986 772 1046 est:
787 1003 882 1068 quem
893 1003 1035 1048 errorem

43 1069 175 1135 Samuel
188 1069 374 1134 Dresemius
392 1070 428 1133 in
451 1069 590 1134 editione
614 1092 672 1134 sua
695 1066 737 1154 (a.
758 1069 857 1154 1620)
881 1072 1035 1155 explosit:

42 1160 98 1243 qni
122 1180 204 1222 non·
219 1159 323 1223 solum
350 1179 461 1222 verum
492 1161 655 1222 auctorem
682 1159 833 1242 restituit,
857 1159 912 1223 sed
936 1161 1034 1224 etiam

42 1269 61 1309 a
83 1247 235 1330 plurimis
257 1245 381 1310 mendis
404 1246 560 1310 liberavit.
583 1245 739 1332 Iosephus
760 1247 861 1332 igitur
876 1269 948 1311 eum
964 1270 1036 1314 cum

41 1337 75 1398 in
114 1335 295 1400 ordinanda
333 1335 468 1398 materia
503 1337 666 1400 auctorem
704 1337 860 1419 sequitur,
897 1339 934 1399 nt
965 1338 1034 1419 ipse

41 1422 229 1488 (11111125
839 1429 843 1433 ’

108 1509 195 1576 Mira
208 1511 337 1595 quidem
351 1510 438 1575 dictu
453 1511 509 1576 sed
522 1531 607 1594 vera,
621 1510 786 1592 advertite,
808 1511 963 1596 pandem3

107 1597 197 1663 Nam
225 1600 291 1662 vati
313 1598 455 1683 Phrygio
482 1597 620 1662 Martem
648 1599 846 1664 certissimus
870 1600 967 1663 index

106 1686 284 1770 Explicuit·
296 1707 449 1769 praesens
472 1687 594 1770 oculus,
618 1707 713 1770 quem
727 1687 838 1751 fabula
851 1689 963 1752 nescit.

38 1780 110 1839 tum
135 1775 266 1858 singula
287 1774 386 1838 verba
413 1778 445 1837 et
467 1774 600 1858 phrases
624 1796 662 1838 ex
686 1796 723 1839 eo
739 1777 885 1858 sumpsit.
917 1774 1030 1860 Neque

37 1869 151 1928 tamen
174 1862 261 1926 hunc
284 1863 388 1926 solum
407 1864 482 1926 ante
497 1863 606 1927 oculos
624 1862 748 1945 habuit,
763 1864 818 1927 sed
832 1863 935 1926 multa
949 1885 1031 1947 quae

36 1953 92 2016 ille
117 1950 355 2035 simplicissime
377 1950 529 2035 narravit,
553 1950 616 2014 alia
630 1949 759 2022 emeliis
783 1950 927 2014 fontibus
950 1951 1032 2015 bene

38 2040 168 2122 adiecit,
191 2039 255 2102 alia
270 2059 352 2123 quae
365 2041 479 2121 poetae
496 2037 864 2123 refragarividebantur,
888 2042 925 2102 111
948 2043 1033 2103 1111-

35 2129 152 2212 lcgum
180 2127 312 2190 navium
338 2127 567 2210 praetermisit,
595 2147 790 2211 quamquam
822 2147 1033 2209 personarum

36 2215 289 2298 descriptionem
313 2214 410 2278 addit
437 2213 478 2278 Iu
501 2215 693 2298 quibusdam
717 2214 861 2298 sequitur
884 2213 1033 2279 Ovidium

35 2303 66 2384 (I
93 2305 159 2368 114
179 2324 266 2387 seqq.
290 2302 331 2366 cf.
353 2301 484 2366 Metam.
499 2301 571 2384 VH,
594 2301 643 2367 VI
657 2302 723 2366 370
742 2303 781 2366 cf.
808 2302 939 2374 Metam.
952 2303 1034 2367 XIII

35 2393 104 2456 416
130 2389 241 2475 seqq),
278 2388 417 2454 Statium
446 2387 477 2474 (Ι
503 2390 575 2473 166,
609 2390 672 2454 199
698 2412 784 2475 seqq.
808 2391 847 2476 cf.
883 2391 982 2456 Theb.
1002 2392 1033 2456 V

35 2481 103 2544 513
128 2500 225 2563 seqq,
247 2476 296 2542 VI
318 2479 384 2542 483
408 2477 447 2541 cf.
466 2477 665 2543 11111111Πὸ
681 2477 792 2565 seqq),
805 2480 841 2543 in
854 2480 920 2550 fine
933 2481 1031 2544 etiam

33 2568 161 2650 Dictyn
183 2565 246 2648 (VI
271 2565 335 2630 819
360 2586 446 2649 seqq.
479 2565 517 2629 cf.
548 2565 631 2631 Dict.
654 2566 743 2631 Vll
776 2568 876 2653 seqq.)
908 2569 967 2652 vel,
999 2568 1032 2632 id

34 2655 124 2739 quod
153 2655 234 2718 mihi
262 2655 366 2738 magis
394 2654 564 2737 probatur,
594 2656 757 2737 epitomen
785 2647 912 2741 qualem
937 2678 1033 2741 supra

33 2768 64 2826 p.
94 2741 162 2806 VH
196 2742 459 2824 commemoravi,
495 2764 572 2806 nam
607 2744 729 2825 pariter
772 2747 868 2827 atque
905 2745 940 2806 in
976 2745 1032 2807 illa

35 2833 163 2896 factum
178 2834 228 2895 est
241 2833 337 2913 poeta
351 2851 389 2894 ea
403 2851 484 2914 quae
493 2829 541 2894 VI
554 2830 665 2895 4-15
679 2831 886 2906 continentur
901 2831 1031 2895 omitt't.

32 2919 113 2984 Non
137 2919 262 2983 minore
284 2918 433 2982 libertate
456 2941 553 3003 quam
567 2918 670 2983 Dares
690 2919 725 2982 in
748 2918 935 2984 nominibus
958 2940 1031 3003 pro·

33 3009 115 3091 priis
151 3008 267 3091 utitur,
299 3028 367 3071 non
399 3028 471 3070 raro
505 3008 603 3072 etiam
634 3029 673 3071 ea
703 3006 811 3090 finxit,
842 3010 879 3070 ut
904 3005 936 3070 V
964 3007 1029 3070 246

32 3096 302 3180 Hyphitonenscs
316 3094 364 3159 VI
378 3095 443 3160 239
457 3092 582 3178 Lybida
607 3095 670 3160 241
695 3095 813 3160 Achon
835 3095 900 3159 242
924 3094 1030 3177 Thyo-

32 3185 151 3248 damas
174 3188 234 3248 etc.
258 3187 316 3248 etc.
340 3184 403 3247 alia
425 3183 472 3247 111
494 3184 640 3267 mutavit,
664 3187 701 3249 ut
723 3183 819 3267 plane
842 3183 1030 3268 recognosci

110 3413 131 3480 ¹)
151 3410 231 3466 Libri
249 3427 335 3466 manu
354 3410 452 3482 scripti
467 3411 627 3482 parimodo
641 3410 727 3466 iuscri
747 3411 770 3465 ti
784 3409 869 3466 fuisse
883 3409 1023 3465 videntur:

30 3482 135 3538 Leodii
156 3483 198 3536 est
216 3481 304 3536 codex
322 3481 434 3537 Daretis
452 3481 570 3553 Phrygii
588 3483 622 3536 de
640 3482 716 3536 bello
756 3481 852 3536 roiano
868 3481 935 3535 libri
950 3497 997 3536 sex
1011 3497 1029 3534 a

30 3552 169 3608 Cornelio
178 3553 289 3622 Nepote
303 3553 333 3606 in
341 3552 462 3608 latinum
473 3569 628 3609 sermonem
642 3552 770 3608 conversi
780 3551 814 3607 cf.
826 3551 920 3620 Serap.
931 3551 956 3604 V
967 3557 1026 3604 208.

836 3657 867 3697 b*
