2424 3938
278 224 325 278 DE
345 222 493 278 EXOlDlO
514 221 648 288 TROIAE
667 221 849 278 HISTORIA.
1018 221 1058 285 13

69 371 177 434 mines
211 389 319 433 secum
351 389 446 451 quam
478 367 634 450 plurimos
667 366 811 449 captivos
848 367 994 451 abduxit,
1026 369 1060 432 in

70 479 172 523 naves
195 457 360 539 inposuit,
392 456 527 519 classem
555 454 664 539 solvit,
696 455 827 519 domum
854 457 970 519 reverti
998 456 1060 520 dis-

70 547 195 631 posuit,
227 546 262 609 in
293 548 422 627 portum
450 543 602 608 Tenedon
628 543 787 627 pervenit,
818 543 875 607 ubi
902 542 1061 608 Helenam

71 638 233 698 maestam
261 633 402 716 alloquio
425 631 567 716 mitigat,
594 632 679 716 patri
701 632 748 696 rei
772 635 880 717 gestae
910 633 1060 697 nuntium
1172 713 1175 718 Ι

71 722 185 787 mittit.
216 720 364 786 Menelao
382 724 554 805 postquam
573 720 758 785 nuntiatum
779 724 828 785 est
841 720 970 804 Pylum,
989 739 1088 786 cumo

70 810 213 876 Nestore
246 808 395 892 Spartam
427 808 588 891 profectus
621 813 684 893 est,
716 808 757 873 ad
783 809 1061 893 Agamemnonem

70 901 208 964 fratrem
231 897 320 962 misit
342 897 448 983 Argos
470 917 604 982 rogans,
627 901 663 961 ut
686 897 726 962 ad
750 917 783 962 se
806 899 942 962 veniat..

165 987 221 1050 XI.
266 982 395 1050 Interea
422 985 604 1050 Alexander
636 984 677 1050 ad
708 989 832 1070 patrem
865 1008 958 1050 suum
991 995 1088 1050 cum·

71 1095 197 1160 magna
219 1074 337 1159 praeda
360 1074 505 1158 pervenit
532 1078 566 1138 et
587 1074 633 1138 rei
656 1077 766 1160 gestae
792 1074 937 1139 ordinem
956 1075 1062 1140 refert.

72 1164 225 1228 Priamus
253 1163 382 1248 gavisus
405 1166 456 1226 cst
478 1183 610 1247 sperans
634 1160 774 1227 Graecos
798 1163 840 1228 ob
863 1184 992 1227 causam
1014 1183 1063 1227 re·
1077 1181 1103 1220 10

73 1250 294 1336 superationis
321 1250 464 1315 Helenae
501 1271 644 1316 sororem
673 1249 851 1316 Hesionam
882 1250 1062 1316 reddituros

72 1345 109 1406 et
136 1361 175 1404 ca
206 1361 287 1425 quae
314 1339 389 1404 inde
417 1361 436 1404 a
463 1338 611 1404 Troianis
638 1335 848 1404 abstulerunt.
905 1338 1063 1403 Helenam

72 1433 235 1493 maestam
259 1429 443 1493 consolatus
466 1431 516 1493 est
539 1432 571 1492 et
594 1449 664 1492 eam
687 1427 871 1492 Alexandro
895 1427 1064 1512 coniugem

73 1517 174 1582 dedit.
220 1539 317 1602 quam
340 1520 377 1580 ut
400 1517 524 1599 aspexit
547 1513 741 1599 Cassandra,
768 1514 936 1587 vaticinari
959 1516 1078 1599 coepit.

72 1626 261 1670 memorans
280 1626 318 1669 ea
346 1625 426 1689 quae
450 1609 524 1668 ante
546 1604 755 1688 praedixerat.
795 1625 892 1689 quam
915 1602 1063 1669 Priamus
1077 1619 1103 1661 1⁵

74 1692 225 1758 abstrahi
259 1697 292 1758 et
322 1692 442 1758 includi
473 1693 575 1758 iussit.
630 1693 857 1778 Agamemnon
892 1697 1065 1778 postquam

75 1782 229 1866 Spartam
252 1781 353 1865 venit,
375 1782 508 1846 fratrem
532 1782 716 1846 consolatus
740 1785 844 1845 estet
869 1781 1002 1864 placuit,
1029 1785 1066 1845 ut
1127 1783 1129 1786 ’

74 1893 136 1955 per
158 1873 262 1935 totam
282 1868 449 1934 Graeciam
468 1869 680 1954 conquisituri
700 1869 904 1933 mitterentur
927 1869 968 1932 ad
991 1889 1065 1933 con·
1148 1919 1154 1928 .

75 1958 240 2023 vocandos
273 1958 412 2022 Graecos
448 1962 481 2022 et
515 1957 663 2022 Troianis
700 1957 820 2021 bellum
851 1955 1065 2020 indicendum.

76 2051 298 2112 convenerunt
312 2050 419 2110 autem
433 2045 481 2110 hi:
500 2045 642 2110 Achilles
662 2067 734 2110 cum
744 2044 892 2109 Patroclo
906 2043 1066 2128 Euryalus
1080 2063 1106 2102 ao

76 2135 284 2219 Tlepolemus
298 2132 479 2216 Diomedes.
506 2138 678 2219 postquam
693 2131 841 2216 Spartam
856 2136 1067 2217 accesserunt,

76 2224 288 2288 decreverunt
312 2222 446 2288 iniurias
469 2221 683 2287 Troianorum
706 2221 868 2306 persequi,
892 2221 1065 2286 exercitum

76 2317 112 2376 et
130 2312 266 2376 classem
286 2330 470 2395 conparare:
495 2310 773 2394 Agamemnonem
789 2309 1016 2394 imperatorem
1035 2314 1068 2373 et

79 2401 196 2464 ducem
214 2399 411 2483 praeficiunt.
443 2398 478 2462 hi
496 2399 621 2484 legatos
635 2398 782 2481 mittunt,
801 2403 838 2462 ut
850 2402 921 2463 tota
934 2395 1068 2462 Graecia

78 2488 276 2553 conveniant
299 2509 371 2552 cum
390 2487 546 2552 classibus
565 2491 598 2551 et
615 2486 806 2551 exercitibus
826 2486 932 2551 ornati
949 2487 1067 2570 parati·
1081 2504 1107 2545 a

78 2597 144 2662 que
159 2576 200 2640 ad
213 2576 445 2640 Atheniensem
459 2579 601 2660 portum,
615 2580 652 2639 ut
665 2573 739 2639 inde
753 2574 874 2659 pariter
888 2575 929 2639 ad
938 2575 1068 2640 Troiam
1135 2597 1139 2608 ’

78 2663 326 2748 proficiscantur
353 2663 394 2729 ad
422 2662 636 2728 defendendas
667 2683 741 2728 suas
764 2663 907 2728 iniurias.
953 2662 1069 2729 Castor

156 2916 170 2964 1
190 2907 318 2978 captiuos
333 2925 383 2964 om.
399 2907 424 2963 G
441 2910 444 2975 Ι
461 2907 580 2963 adduxit
598 2907 624 2976 G
692 2914 708 2962 4
724 2907 848 2974 alloquio
862 2907 981 2960 mestum
995 2905 1069 2961 miii·

79 2979 209 3052 gauitG
281 2979 394 3035 imisit
412 2979 437 3034 G
454 2981 458 3048 Ι
473 2997 500 3060 p.
515 2978 545 3032 in
563 2977 622 3048 pilo
641 2997 667 3033 n.
682 2977 740 3033 Le
755 2981 760 3046 l
775 2977 875 3046 Pylum
891 2977 991 3044 compsi
1009 2993 1069 3032 cam

80 3051 121 3107 Μ
194 3055 315 3120 largos
340 3051 377 3104 M
422 3065 497 3120 argrs
520 3049 640 3118 LGla
668 3048 747 3104 seL
827 3053 860 3102 10
883 3048 918 3102 ob
942 3047 1015 3108 hauc
1042 3046 1069 3101 G

80 3128 114 3177 11
134 3119 300 3176 haesionam
318 3121 345 3174 L
417 3126 449 3176 13
474 3120 633 3175 consolatur
656 3119 735 3174 aa
787 3116 1069 3178 v14uaticinarc1)

80 3199 116 3248 15
141 3207 302 3247 memorans
327 3207 378 3246 om.
405 3191 431 3245 G
451 3193 454 3259 l
474 3190 616 3262 praedixit
643 3189 669 3245 G
746 3195 778 3244 16
803 3187 909 3243 abstrai
932 3186 958 3241 G
1035 3194 1068 3243 18

78 3262 286 3334 conquisitores
315 3261 342 3316 V
359 3265 363 3331 1
383 3262 529 3320 mitterent
549 3261 613 3316 LV
654 3260 834 3316 mitterentur
861 3257 1015 3328 quaesituri
1043 3257 1070 3312 G

81 3341 115 3390 19
130 3350 187 3405 pro
201 3333 322 3388 Graecos
336 3333 401 3400 fert.
414 3347 495 3402 reges
567 3337 601 3387 20
617 3331 750 3386 Eurialus
770 3329 829 3388 La
900 3335 932 3382 21
951 3327 1069 3399 tlepole-

78 3423 144 3461 mus
162 3405 191 3460 B
229 3403 425 3474 Telepolemus
439 3402 497 3457 LG
568 3408 601 3457 23
620 3400 829 3526 conparandam
842 3401 898 3469 sert
917 3399 982 3454 libri
996 3415 1069 3454 com-

78 3476 178 3548 parari
197 3474 225 3530 V
258 3491 420 3545 comparare
436 3473 589 3529 Macarius
604 3473 608 3542 Ι
625 3475 655 3527 et
691 3487 771 3527 ueem
789 3470 881 3544 coi-Q
953 3476 986 3526 25
1006 3486 1069 3525 con·

79 3547 181 3603 ueniat
199 3545 257 3602 Le
292 3545 462 3602 conueniant
479 3544 515 3599 B.
