2414 3946
316 245 364 291 nn
387 245 449 292 orn
471 245 602 294 narn-m
624 246 699 294 car.
722 248 810 295 xxm.
984 233 1026 296 47

54 383 233 462 quibusdam
255 382 292 444 ab
316 392 383 445 ortu
402 384 606 463 vergiliarum,
634 385 782 447 nonnullis
803 384 839 447 ab
857 405 959 448 earum
975 407 1025 450 oc·

54 487 143 538 casu,
167 467 268 529 multis
286 488 303 528 a
318 471 399 529 canis
421 477 525 530 exortu
546 471 681 548 incipere
704 488 798 531 annus
820 472 961 534 naturalis
983 475 1025 533 vi-

54 553 153 615 detur.
948 552 952 557 ’

118 637 266 699 Mensium
291 655 401 716 genera
426 638 499 699 duo:
533 656 601 699 nam
625 637 674 700 alii
695 646 763 701 sunt
784 640 945 712 naturales,
977 640 1075 706 atrita

22 733 37 782 5
56 721 166 784 civiles.
204 722 383 784 naturalium
405 724 520 802 species
541 722 632 794 duae,
655 724 734 800 quod
750 725 856 802 partim
873 723 942 785 solis
957 737 1058 804 par-2

53 809 104 868 tim
121 805 210 868 lunae
226 824 291 868 esse
307 807 454 868 dicuntur.
482 808 646 869 secundum
662 807 755 869 solem
771 809 803 869 su
818 813 937 879 mensis,
955 811 1025 872 dum

52 891 98 951 sol
120 890 368 970 unumquodque
387 893 419 952 in
434 891 554 953 zodiaco
577 891 650 953 orbe
666 893 783 969 signum
798 897 959 973 percurrit;
980 895 1025 956 lu-

54 977 136 1037 naris
158 984 203 1037 est
224 985 322 1036 autem
337 978 481 1056 temporis
503 976 652 1054 quoddam
674 979 800 1055 spatium
822 997 928 1039 anova
944 979 1023 1044 tuna.

53 1059 154 1121 civiles
183 1078 300 1122 mensos
327 1071 394 1123 sunt
424 1063 541 1122 numeri
568 1061 686 1139 quidam
716 1062 832 1124 dierum
862 1081 936 1142 quos
965 1077 1059 1126 unae

11 1157 36 1206 lo
54 1164 192 1226 quaeque
214 1146 313 1206 civitas
328 1163 381 1207 suo
396 1147 529 1206 instituto
550 1144 702 1216 observat,
724 1153 757 1206 ut
771 1164 850 1208 nunc
865 1147 993 1208 Romani
1008 1167 1024 1209 a

53 1229 190 1292 kalendis
204 1231 234 1290 in
250 1229 399 1291 kalendas.
436 1229 584 1292 naturales
606 1238 635 1292 et
650 1232 831 1310 antiquiores
847 1238 876 1292 et
891 1235 1022 1293 omnium

53 1316 187 1394 gentium
209 1333 381 1376 communes
401 1323 485 1384 sunt,
514 1314 613 1376 civiles
634 1322 663 1374 et
684 1316 830 1393 posterius
850 1317 974 1376 instituti
996 1325 1024 1378 et

52 1401 90 1460 ad
107 1417 196 1460 unam
213 1417 361 1478 quamque
377 1401 527 1478 pertinent
543 1401 699 1460 civitatem.
723 1401 857 1478 quisunt
873 1399 1022 1471 caelestes,
1040 1414 1057 1462 4

52 1487 115 1546 sive
130 1483 200 1545 solis
221 1501 275 1546 seu
289 1483 392 1560 lunae,
416 1501 512 1564 neque
526 1501 675 1562 peraeque
696 1484 773 1544 inter
794 1501 825 1544 se
845 1502 934 1564 pares
955 1493 1024 1546 sunt

11 1577 110 1632 251100
136 1569 200 1630 dies
225 1567 336 1630 babent
360 1575 445 1630 totos,
492 1571 601 1647 quippe
625 1567 668 1628 sol
689 1571 720 1629 in
747 1570 868 1648 aquario
890 1577 1023 1632 moratur

53 1655 176 1716 circiter
200 1653 415 1732 undetriginta,
452 1655 483 1714 in
509 1655 591 1731 pisce
617 1653 680 1713 iere
705 1655 839 1732 triginta,
875 1655 905 1714 in
931 1656 1023 1716 ariete

52 1757 147 1800 unum
170 1744 199 1798 et
221 1738 354 1817 triginta,
381 1739 411 1797 in
433 1737 557 1816 geminis
577 1755 672 1816 prope
692 1739 812 1816 triginta
834 1745 863 1799 et
878 1739 967 1810 duos,
995 1748 1023 1801 et

52 1822 148 1884 sicin
172 1823 279 1883 ceteris
303 1820 543 1901 inaequabiliter,
574 1821 626 1883 sed
647 1840 743 1901 usque
769 1822 842 1883 adeo
864 1841 924 1883 non
943 1833 1023 1885 totos

53 1908 168 1970 diesin
189 1905 325 1984 singulis,
347 1914 380 1967 ut
400 1925 510 1968 annum
531 1925 632 1976 suum,
657 1907 685 1966 id
707 1913 751 1967 est
766 1906 829 1966 dies
843 1921 979 1968 cccnxv
994 1915 1023 1968 et

11 2001 36 2050 to
53 1993 223 2072 portionem
238 1993 339 2052 nescio
355 2009 443 2070 quam
459 1991 555 2052 adhuc
571 1991 727 2068 astrologis
742 1990 972 2069 inexploratum,
989 1993 1020 2052 in

51 2092 107 2138 ΧΠ
128 2093 197 2136 suos
213 2075 321 2138 dividat
336 2093 461 2138 menses.
493 2076 563 2136 luna
578 2082 677 2136 autem
691 2073 823 2153 singulos
846 2093 915 2136 suos
937 2094 1019 2138 men·
1039 2089 1055 2138 t

53 2180 100 2223 ses
117 2161 236 2222 conficit
251 2159 355 2221 diebus
378 2159 577 2240 undetriginta
600 2161 719 2221 circiter
735 2166 763 2219 et
779 2159 943 2230 dimidiato,
969 2159 1021 2222 sed

53 2254 82 2307 et
96 2246 152 2306 bos
167 2248 245 2306 inter
260 2263 292 2306 se
313 2245 462 2325 dispares,
489 2244 559 2306 alias
574 2244 738 2322 longiores,
765 2241 836 2304 alias
857 2243 1019 2306 breviores,

53 2340 83 2391 at
103 2331 262 2392 civitatium
283 2347 401 2391 menses
427 2329 474 2391 vel
495 2331 588 2408 magis
608 2347 733 2391 numero
755 2329 869 2389 dierum
890 2331 967 2390 inter
988 2348 1021 2391 se

11 2423 34 2473 25
52 2415 238 2492 discrepant,
260 2415 312 2476 sed
335 2414 397 2476 dies
418 2412 527 2492 ubique
549 2413 660 2474 habent
680 2419 766 2474 totos.
798 2414 876 2492 apud
891 2413 1020 2476 Albanos
1039 2427 1055 2474 o

51 2501 177 2562 Martius
199 2505 243 2560 est
257 2517 309 2560 sex
330 2505 359 2559 et
379 2499 513 2577 triginta,
536 2499 629 2560 Maius
650 2498 752 2575 viginti
773 2497 879 2568 duum,
902 2497 1021 2560 Sextilis

52 2585 269 2661 duodeviginti,
292 2582 467 2661 September
489 2584 631 2644 sedecim:
655 2581 889 2643 Tusculanorum
906 2583 1020 2655 Quinti·

51 2668 88 2730 lis
102 2670 165 2730 dies
181 2666 270 2730 babet
284 2681 405 2739 xxxvl,
422 2667 551 2729 October
572 2682 683 2742 xxxn,
700 2667 777 2727 idem
795 2666 925 2728 October
940 2667 1019 2747 apud

50 2754 188 2814 Aricinos
212 2765 376 2814 xxxvrrn.
422 2753 543 2813 minime
564 2753 700 2812 videntur
721 2769 837 2812 errasse
852 2754 901 2829 qui
923 2752 959 2812 ad
974 2751 1055 2813 lu-'t

11 2846 36 2898 to
52 2856 109 2900 nae
124 2856 245 2900 cursum
261 2855 381 2899 menses
398 2835 495 2898 civiles
510 2835 784 2906 adcommodarunt,
802 2840 834 2895 ut
848 2837 880 2896 in
896 2835 1019 2897 Graecia

51 2923 202 3004 plerique,
223 2922 301 3003 apud
317 2940 392 3000 quos
414 2921 520 2983 alterni
534 2939 652 2982 menses
675 2921 711 2981 ad
728 2921 858 2980 tricenos
873 2919 935 2980 dies
951 2928 1020 2980 sunt

118 3195 143 3243 2.
164 3205 268 3245 munet*
284 3192 319 3255 Ι),
338 3193 441 3242 enred
506 3193 532 3243 4.
551 3203 680 3242 meusium
697 3192 723 3240 Ι)
741 3198 800 3242 ante
817 3205 870 3240 rae.
893 3191 926 3253 V,
944 3204 1019 3240 men·

50 3262 148 3311 eumd
216 3261 256 3312 14.
280 3274 387 3324 perros
404 3260 463 3310 DV
529 3260 568 3310 16.
588 3258 717 3310 unbexxx
732 3259 791 3309 DV
854 3271 930 3321 pisce
949 3254 975 3318 (e
994 3259 1021 3306 in

48 3327 115 3393 rac.)
133 3328 159 3376 D
230 3330 272 3378 16.
289 3343 346 3378 xxx
360 3353 388 3362 -
401 3340 484 3378 uuum
498 3343 531 3378 er
543 3343 599 3378 xxx
609 3353 644 3363 -
655 3342 711 3377 xxx
729 3342 762 3376 er
775 3326 841 3377 boos
859 3324 915 3374 DV
932 3323 1021 3388 (cuper

49 3397 159 3446 ultionem
179 3411 236 3446 xxx
259 3397 284 3446 V
287 3395 298 3428 ²
321 3397 382 3448 add.
403 3395 445 3461 ta)
515 3397 557 3448 22.
580 3394 789 3459 uube‘rmqeura
811 3394 836 3442 D
905 3392 946 3442 24.
970 3407 1022 3442 un·

50 3476 145 3514 mesos
163 3463 189 3512 D
258 3464 301 3514 26.
325 3477 427 3529 urorum
445 3463 533 3514 rbuum
552 3464 591 3526 D,
614 3462 715 3528 uiginti
734 3465 761 3512 et
779 3461 861 3512 duum
878 3461 950 3524 culpo

49 3533 92 3583 Ἡ.
110 3545 255 3596 qutnrtbes
273 3533 298 3580 D
