2416 3944
367 223 479 272 BnnLI
497 222 649 273 TROIANI
667 218 736 275 LlB.
755 226 805 278 111.
1028 223 1069 288 63

103 373 197 437 licius
213 394 309 455 quam
324 372 473 436 solertius
490 373 705 436 confirmavit:
728 373 775 436 ita
790 373 919 458 dirupto
940 374 1069 440 vinculo

0 540 1 555 ,
105 458 253 521 columba
281 477 354 520 cum
379 457 520 520 maxima
548 457 660 540 populi
683 457 914 522 adclamatione
932 459 1068 524 decidit.

103 543 247 626 praemia
262 542 445 606 certaminis
462 541 529 605 eius
540 540 702 606 Meriones
718 546 814 626 atque
830 541 941 608 Ulixes
956 544 1068 609 tulere.

0 629 1 632 ’
104 626 248 690 Achilles
271 626 392 709 duplici
415 629 504 690 extra
532 625 677 691 ordinem
701 647 833 692 munere
855 627 1069 692 Philomelam

104 711 212 774 donat.
1082 733 1095 772 5

189 795 278 859 XIX.
316 793 420 860 Cursu
441 795 540 879 longo
558 795 753 860 certantibus
770 795 853 860 Oilei
869 798 953 862 Aiax
967 797 1071 862 victor

104 880 278 962 excipitur,
301 884 375 962 post
401 901 496 963 quem
524 879 681 944 secundus
703 879 907 963 Polypoetes.
951 882 1071 965 duplici

104 986 218 1048 campo
241 963 417 1046 Machaon,
446 965 497 1028 sin
542 964 602 1028 lari
623 963 822 1049 Eurypylus,
851 967 934 1030 saltu
957 966 1070 1050 Tlepo-

103 1050 222 1131 lemna,
253 1048 339 1112 disco
368 1049 500 1113 Antiloc
525 1070 562 1112 us
591 1049 728 1114 victores
756 1052 884 1115 abeunt.
929 1051 1072 1134 praemia

103 1133 248 1198 luctandi
269 1133 392 1198 intacta
413 1155 631 1217 permansere,
661 1135 780 1218 quippe
801 1135 886 1198 Aiax
914 1136 1070 1218 arripiens
1084 1153 1108 1192 10

1 1247 2 1250 ¹
103 1217 245 1282 medium
269 1216 388 1282 Ulixen
416 1218 525 1301 deicit,
555 1219 610 1301 qui
638 1241 733 1282 ruens
760 1219 895 1302 pedibus
922 1222 990 1283 eius
1012 1221 1071 1285 cir-

104 1303 331 1385 cumvertitur,
353 1305 450 1386 atque
472 1303 518 1366 ita
539 1303 725 1386 praepedito
755 1303 962 1388 obligatoque
990 1304 1068 1367 nixu

103 1387 190 1451 Aiax
217 1407 319 1470 paene
348 1387 411 1451 iam
440 1389 543 1452 victor
576 1387 616 1451 ad
643 1391 762 1450 terram
789 1391 864 1451 ruit.
914 1388 1070 1452 caestibus

103 1471 295 1556 reliquoque
324 1494 478 1536 manuum
507 1471 680 1536 certamine
707 1471 792 1536 idem
814 1472 898 1536 Aiax
926 1473 1071 1537 Telamo-

102 1557 178 1620 nius
200 1559 339 1640 palmam
361 1557 468 1621 refert.
513 1577 607 1636 cursu
635 1557 670 1620 in
691 1557 787 1620 armis
809 1561 971 1641 postremo
993 1557 1109 1622 Dio-1⁵

1 1659 3 1666 ’
103 1641 212 1705 medes
233 1641 422 1725 praevaluit.
461 1641 535 1706 dein
557 1641 613 1705 ubi
632 1641 774 1724 praemia
797 1643 980 1706 certaminis
1001 1664 1071 1726 per-

1 1893 2 1900 '
103 1895 244 1959 secundo

103 1725 212 1790 soluta
233 1731 323 1808 sunt,
345 1726 489 1790 Achilles
511 1725 650 1809 primum
673 1726 818 1791 omniurn
832 1727 1071 1812 Agamemnoni

104 1811 242 1894 donum,
267 1812 357 1959 lquod
385 1811 415 1908 ei
443 1810 728 1908 honoratissimum
755 1811 937 1895 videbatur,
968 1811 1070 1894 offert,

103 1980 179 2044 ua
202 1984 234 2044 a
251 1895 1109 2076 latta,1litentqttssantntttt20

104 2063 146 2128 ad
167 2067 365 2146 postremum
381 2085 492 2128 eorum
514 2085 618 2146 socus,
642 2065 698 2148 qui
719 2063 854 2128 inbelle
878 2065 1069 2128 occiderant.

103 2149 220 2232 hisque
241 2148 443 2231 mandatum,
466 2149 529 2232 uti,
553 2170 625 2213 curn
647 2152 773 2232 tempus
795 2148 917 2231 fuisset,
941 2147 1071 2212 domum

103 2231 146 2297 ad
160 2233 355 2298 necessarios
378 2255 488 2298 eorum
508 2233 697 2317 perferrent.
735 2236 907 2317 postquam
929 2232 1072 2297 certandi

103 2319 386 2402 praemiorumque
407 2319 481 2382 finis
502 2318 606 2382 factus
628 2321 661 2382 et
687 2319 751 2382 iam
773 2317 837 2382 diei
859 2339 972 2401 vesper
993 2323 1070 2402 erat,

103 2401 146 2467 ad
170 2424 228 2466 sua
250 2404 384 2486 quisque
406 2403 548 2467 tentoria
570 2402 750 2468 discessere.
1083 2419 1109 2460 25

192 2485 262 2551 XX.
301 2489 347 2550 At
374 2486 454 2551 lucis
482 2487 643 2570 principio
664 2487 811 2551 Priamus
832 2486 962 2572 lugubri
984 2490 1071 2550 veste

103 2570 287 2636 miserabile
310 2574 413 2636 tectus
441 2573 493 2636 cui
522 2571 614 2636 dolor
635 2593 704 2636 non
726 2571 820 2636 decus
842 2572 982 2656 regium,
1004 2593 1072 2635 non

104 2656 209 2720 ullam
229 2656 313 2720 tanti
334 2656 477 2720 nominis
504 2660 600 2739 atque
628 2656 733 2720 famae
755 2657 892 2740 speciem
915 2656 1071 2738 reliquam

103 2741 242 2824 fecerat,
273 2741 422 2805 manibus
444 2740 600 2824 vultuque
627 2740 824 2824 supplicibus
853 2740 893 2804 ad
922 2739 1072 2804 Achillen

103 2825 196 2890 venit
223 2847 296 2890 cum
311 2825 548 2908 Andromacha,
569 2827 612 2890 in¹
628 2847 691 2910 qua
705 2847 773 2890 non
787 2826 894 2889 minor
916 2846 1012 2908 quam
1034 2825 1070 2888 in
1082 2841 1107 2881 ³0

102 2910 234 2974 Priamo
262 2909 434 2975 miseratio
478 2931 515 2974 ea
542 2910 661 2995 quippe
690 2909 869 2974 deformata
897 2908 1070 2991 multiplici

103 2996 202 3060 modo
226 2996 440 3078 Astyanacta,
463 3016 559 3078 quem
580 2994 731 3060 nonnulli
753 2992 996 3059 Scamandrium
1018 3015 1072 3076 ap-
1097 3033 1100 3038 ·

2 3112 6 3121 v
102 3079 271 3162 pellebant
298 3081 332 3144 et
358 3079 579 3145 Leodamanta
605 3079 756 3163 parvulos
784 3077 955 3143 admodum
984 3077 1068 3142 filios

210 3233 389 3287 XX-XXIV
406 3234 501 3285 Malal.
520 3235 578 3285 157.
597 3237 646 3286 158
664 3234 778 3285 Cedren.
797 3235 890 3284 Prar.
911 3234 959 3283 128
978 3232 1070 3285 Treta.

103 3303 216 3353 Homer.
235 3305 286 3354 307
308 3317 368 3366 seq.
388 3302 482 3354 Cenat.
499 3303 621 3352 Manass.
644 3302 716 3352 1³29
740 3299 857 3352 Ptolem.
876 3299 916 3351 VI
938 3316 966 3365 p.
986 3301 1027 3360 35,
1047 3301 1070 3352 5.

173 3437 379 3490 3merionisG
461 3439 488 3486 11
510 3435 776 3488 circumuectiturB
856 3437 886 3486 19
911 3434 1072 3486 idomeniG

103 3505 246 3557 idomenei
263 3503 289 3554 B
346 3507 379 3555 29
398 3505 518 3570 supplici
538 3505 569 3555 B.
622 3507 653 3556 31
674 3519 790 3568 quocum
807 3503 998 3554 Andromacha
1016 3516 1071 3550 non

104 3574 177 3636 libri,
197 3589 266 3624 corr.
285 3572 390 3638 Peiper.
