2414 3946
167 159 212 222 24
414 175 463 222 on
485 175 548 222 mn
571 177 704 224 ueram
727 177 801 225 cnr.
819 177 891 226 xm.

170 311 252 374 caelo
269 330 384 374 summo
400 314 437 374 ad
454 313 547 375 solem
563 315 705 376 diastema
729 333 793 376 esse
809 317 856 376 dia
873 323 1028 386 tessaram
1054 318 1084 378 id
1101 323 1145 377 est

170 398 298 458 duorum
313 405 454 460 tonorum
476 406 506 459 et
521 398 637 469 dimidi,
661 399 697 459 ad
712 405 811 461 terrae
826 407 925 461 autem
939 404 1145 462 summitatem

75 534 78 540 .
169 482 206 543 ab
230 483 335 544 codem
355 483 437 543 caelo
458 491 545 544 tonos
566 501 632 545 esse
653 502 718 557 sex,
750 485 904 558 inquibus
924 487 963 542 sit
984 486 1034 543 dia
1049 501 1145 561 pason

171 567 356 648 symphonia.
384 575 539 644 praeterea
554 567 645 628 multa
661 582 737 642 quae
752 568 857 626 musici
873 574 1002 626 tractant
1015 567 1057 626 ad
1074 565 1145 628 alias

169 651 282 711 rettulit
298 650 396 711 stellas
412 649 536 710 etbuno
557 667 676 710 omnem
691 651 834 711 mundum
858 652 1057 711 enarmonion
1079 669 1144 712 esse
1161 660 1174 707 5

170 736 308 796 ostendit.
339 752 432 813 quare
447 733 591 814 Dorylaus
607 736 726 812 scripsit
748 753 813 795 esse
828 735 972 796 mundum
994 753 1145 813 organum

170 819 233 880 dei:
267 819 316 880 alii
338 818 517 880 addiderunt
537 837 602 880 esse
630 819 660 878 id
683 817 900 896 ἑπτάχορδον,
932 820 1001 898 quia
1026 827 1144 898 septem

137 905 230 965 usint
250 921 341 981 vagae
362 903 481 972 stellae,
512 921 587 981 quae
610 903 770 981 plurimum
792 904 974 964 moveantur.
1021 905 1078 964 sed
1100 905 1144 964 bis

171 987 310 1048 omnibus
331 987 477 1048 subtiliter
497 987 658 1050 tractandis
679 986 727 1048 hic
748 986 830 1048 locus
851 1005 911 1048 non
933 997 995 1056 est;
1020 1006 1100 1066 quae
1121 989 1143 1046 si

171 1069 275 1131 vellem
297 1073 328 1130 in
349 1088 441 1132 unum
463 1071 573 1133 librum
595 1074 752 1149 separatim
779 1088 956 1148 congerere,
986 1080 1091 1132 tameo
1115 1075 1143 1132 in
1160 1081 1184 1128 ιο

171 1156 312 1234 angustiis
328 1173 477 1216 versarer:
502 1157 573 1234 quin
588 1157 702 1233 potius,
726 1159 864 1234 quoniam
879 1175 926 1216 me
941 1155 1062 1234 longius
1078 1156 1142 1217 dul-

171 1241 245 1300 cedo
260 1241 389 1300 musicae
404 1239 539 1311 abduxit,
556 1240 592 1300 ad
608 1241 790 1318 propositum
807 1248 949 1302 revertor.

117 1333 154 1390 14
234 1324 326 1401 Igitur
342 1325 480 1402 expositis
494 1326 530 1386 iis
545 1343 621 1404 quae
637 1332 705 1386 anto
720 1325 798 1386 diem
813 1324 940 1386 natalem
956 1333 1039 1394 sunt,
1064 1342 1145 1384 nunc

171 1417 203 1468 ut
224 1408 441 1470 climactericoe
457 1410 529 1470 anni
544 1416 717 1479 noscantur,
738 1409 808 1488 quid
824 1409 860 1470 de
876 1408 1017 1488 gradibus
1037 1411 1145 1470 aetatis

138 1507 154 1554 2
172 1494 319 1554 humanae
334 1511 454 1554 sensum
471 1495 508 1553 sit
523 1493 628 1554 dicam.
658 1494 751 1554 Varro
767 1495 896 1572 quinque
912 1493 1022 1572 gradus
1036 1495 1145 1554 aetatis
1161 1502 1184 1550 15

173 1577 366 1656 aequabiliter
393 1586 476 1654 putat
502 1595 566 1638 esse
586 1578 709 1646 divisos,
740 1595 833 1638 unum
858 1595 1006 1655 quemque
1028 1577 1146 1638 seilicet

173 1667 292 1738 praeter
314 1668 479 1722 extremum
494 1664 525 1722 in
541 1679 635 1722 anuos
650 1675 706 1722 xv.
743 1663 845 1740 itaque
859 1663 955 1741 primo
975 1661 1074 1739 gradu
1096 1681 1144 1723 us-

173 1764 231 1824 que
252 1763 362 1806 annunt
378 1758 426 1804 xv
450 1764 560 1825 pueros
575 1746 685 1816 dictos,
712 1746 791 1824 quod
807 1748 865 1806 sint
879 1747 962 1824 puri,
989 1746 1021 1805 id
1036 1756 1085 1808 est
1099 1749 1144 1807 in-

173 1828 277 1907 pubes
309 1828 440 1890 secundo
455 1830 491 1891 ad
510 1832 712 1890 tricensimum
733 1847 843 1890 anuum
858 1829 1081 1901 adulescentes
1106 1831 1143 1892 ab

174 1915 331 1976 olescendo
348 1914 390 1975 sic
405 1916 582 1976 nominatos.
615 1916 644 1974 in
660 1917 748 1976 tertio
765 1915 856 1992 gradu
874 1917 924 1993 qui
945 1923 1030 1975 erant
1044 1934 1144 1996 nsque
1159 1927 1186 1973 uo

174 2002 304 2079 quinque
321 2007 350 2060 et
364 1999 557 2078 quadraginta
574 2017 682 2069 annos,
704 2001 817 2060 iuvenis
832 1999 993 2080 appellatos
1010 2018 1046 2061 eo
1064 2001 1144 2080 quod

174 2083 401 2162 rempublicam
417 2085 447 2146 in
463 2103 497 2145 re
512 2083 630 2145 militari
646 2090 768 2162 possent
782 2085 890 2145 iuvare.
921 2085 951 2144 in
967 2092 1077 2161 quarto
1094 2103 1144 2146 au-

174 2177 233 2228 tem
264 2168 395 2247 adusque
420 2171 657 2247 sexagensimum
688 2186 798 2230 annum
828 2170 960 2230 seniores
988 2171 1143 2237 vocitatos,

175 2253 255 2330 quod
276 2259 346 2314 tunc
367 2255 496 2331 primum
518 2271 675 2314 senescere
695 2270 804 2330 corpus
824 2253 978 2332 inciperet
1007 2253 1080 2314 inde
1097 2273 1144 2315 us·

175 2355 232 2414 que
253 2337 341 2398 linem
358 2339 434 2398 vitae
453 2339 542 2399 unius
563 2339 703 2418 cuiusque
719 2339 854 2416 quintum
874 2339 1000 2416 gradum
1021 2338 1142 2407 laetum,
1158 2345 1185 2395 25

174 2523 377 2532 ..—.-...—..-..

244 2640 266 2688 t.
285 2637 470 2690 braressanon
488 2641 550 2703 DV,
569 2639 613 2691 διὰ
624 2639 767 2704 τεαάρων
783 2645 856 2706 oulyo
924 2643 949 2694 2.
966 2639 1143 2694 btmtbtaaea-

174 2722 226 2757 eae
246 2707 283 2768 D,
308 2705 524 2759 dimidiiaterrae
547 2711 577 2768 d,
606 2708 827 2760 dimidii-tarrae
855 2708 881 2757 V
948 2721 1142 2761 summiserem

173 2777 210 2834 D,
234 2776 392 2826 summitate
411 2777 462 2826 dV
529 2778 553 2826 3.
578 2774 611 2826 ab
630 2775 724 2827 eobem
742 2777 767 2826 D
835 2775 967 2840 diapason
987 2778 1025 2837 D,
1046 2777 1143 2842 diapa-

126 2888 137 2894 -
174 2859 225 2894 san
247 2842 274 2891 V
289 2841 369 2905 (corr.
386 2845 465 2906 m.2),
483 2841 528 2894 διὰ
545 2846 733 2908 uncdtvonlpo
801 2846 827 2898 4.
846 2856 944 2893 musra
963 2859 994 2908 q,
1012 2846 1038 2893 D
1110 2845 1144 2894 ad

174 2910 245 2960 alius
263 2926 310 2964 om.
334 2912 360 2960 V
426 2915 450 2962 b.
470 2926 589 2962 nerum
606 2911 673 2974 DV,
692 2913 798 2964 cormd
865 2927 1033 2962 enarmonaon
1052 2911 1143 2972 (enar-

174 2978 249 3029 moni
266 2977 403 3043 dieras.)
421 2981 449 3028 D.
514 2981 537 3028 6.
556 2979 678 3030 dorilaus
701 2979 729 3028 V
793 2981 817 3029 7.
836 2979 864 3029 id
882 2977 1061 3042 ἑπτάχορδον
1079 2980 1143 3030 Sca-

173 3049 250 3110 liper,
269 3044 344 3096 tuear
362 3060 505 3097 raxoraou
523 3048 556 3110 D,
575 3047 604 3096 id
622 3051 665 3097 est
682 3053 823 3112 taxopaon
844 3048 871 3097 V
920 3047 995 3111 quia]
1014 3049 1064 3110 qui
1086 3047 1113 3096 V

174 3116 215 3164 12.
234 3127 370 3164 musicae*
387 3115 412 3164 D
481 3117 522 3164 13.
540 3115 585 3165 his
607 3115 635 3165 V
700 3113 757 3178 un
826 3116 871 3164 14.
888 3125 1098 3165 catmacremca
1109 3116 1142 3176 D,

174 3181 358 3232 climacterici
375 3182 435 3233 dV
441 3185 513 3248 culpo
583 3185 624 3235 1⁵1.
642 3197 729 3246 usque
748 3181 783 3232 ad
800 3185 872 3247 oadpo
942 3185 982 3232 19.
1003 3181 1142 3232 secundus

174 3251 212 3312 D,
231 3249 369 3300 secundos
391 3250 418 3299 V
482 3250 652 3300 tricesimum
674 3249 702 3298 V
766 3252 808 3299 20.
828 3248 1003 3300 sanescendo
1020 3249 1080 3300 DV

176 3331 246 3366 enan
269 3317 325 3366 DV
402 3319 444 3367 21.
467 3317 583 3368 iuuenes
609 3317 637 3367 V
672 3315 879 3383 'appensurus
902 3319 927 3366 D
996 3319 1038 3368 23.
1062 3316 1141 3368 abus·

175 3395 227 3444 que
246 3401 278 3433 ee
296 3383 389 3440 (erasis
407 3383 451 3448 ab)
469 3385 507 3442 D,
525 3399 614 3448 usque
634 3385 669 3434 ad
691 3385 719 3434 V
773 3396 983 3451 sexeqtnstmusn
1002 3387 1042 3450 D,
1065 3399 1142 3435 sexs-

175 3448 283 3512 gesimit
305 3449 329 3498 V
397 3454 438 3502 24.
457 3459 569 3516 inceptat
588 3451 628 3514 (at
646 3455 665 3502 d
681 3448 784 3517 toras.)
804 3453 836 3512 D,
855 3453 973 3516 incipiet
994 3452 1023 3501 V
1035 3457 1109 3518 culpo
